2912 4826
125 229 210 324 472
278 177 553 288 cunuti
609 197 1202 288 ennarratione-

143 428 165 490 .·
183 399 440 512 naariam,
460 421 484 478 a
498 397 636 508 strage.
670 407 708 480 ι.
733 397 870 486 unae
888 399 1029 508 capim
1064 367 1293 512 traua„

141 560 158 580 ··
184 535 293 628 prop.
323 514 468 606 micuit,
499 514 643 593 Ezeclr.
666 512 745 589 viii.
770 535 807 612 3.
838 510 928 592 Vid.
947 537 1054 592 num.
1074 537 1178 616 3233
1199 514 1290 622 (h).

279 765 384 849 CA
416 761 448 845 P
480 765 518 844 U
548 765 590 846 T
654 762 775 846 XVI.
872 765 1059 848 vnum
1092 791 1134 868 3.

130 907 444 1094 annibillllu
465 905 672 1120 VOsmet
690 961 859 1058 efferetis,
892 994 917 1050 2
936 969 985 1074 pl.
1007 995 1058 1046 m.
1088 957 1220 1070 nitunt,
1237 970 1292 1051 se.

141 1148 150 1167 ,
257 1145 261 1154 .
565 1073 1008 1184 meteslerot,'3lrug.m.
1030 1068 1290 1189 ltld'lll3fing.

138 1195 155 1254 Γ
182 1191 219 1272 s.
232 1187 301 1274 lut.
321 1187 413 1297 7sp.
431 1177 582 1288 liss’il'lt'!
600 1189 708 1266 seoret
725 1191 870 1268 extulit.
892 1196 926 1266 Α
941 1177 1095 1288 &illini
1110 1193 1284 1271 elevavit.
1373 1277 1380 1288 ,

130 1309 252 1412 3226.
281 1291 670 1408 Vuu.13..“l',ll]il’ll
697 1301 920 1380 Domiuium
941 1300 1159 1392 adlectabis,
1191 1307 1292 1408 prin·

182 1418 303 1520 cipem
333 1431 370 1493 te
396 1439 514 1519 geren,
547 1411 690 1518 aling.
724 1435 775 1490 m·
798 1409 874 1490 sut.
903 1396 1056 1508 illisis!
1087 1411 1158 1494 ius.
1191 1413 1257 1518 7s
1279 1466 1288 1488 .

17 1545 24 1554 '
140 1574 149 1605 ι.
180 1529 427 1634 principatum
449 1523 661 1612 adfectavit,
692 1524 894 1628 principem
917 1519 951 1604 se
970 1519 1090 1624 gessit.
1140 1439 1287 1608 Ansstb

183 1629 345 1740 ejusdem
373 1633 647 1742 fignificatiouis
674 1657 759 1714 cum
782 1620 888 1714 nro,
950 1629 1039 1710 Vld.
1059 1655 1169 1712 uum:
1191 1633 1283 1739 874.

129 1771 250 1858 3227.
275 1747 385 1828 Vua.
416 1771 471 1850 ¹4·
493 1747 595 1840 inii]
622 1740 802 1833 Effodies,
825 1773 853 1826 a
871 1741 962 1848 ung.
985 1767 1036 1820 nr.
1070 1744 1169 1844 Ἡρη
1193 1750 1283 1853 391,

184 1886 239 1940 m.
258 1859 330 1938 ¹tut.
353 1885 374 1964 3
393 1856 443 1962 sp.
476 1859 546 1951 lili
567 1854 776 1960 diligenter,
808 1880 894 1934 cum
916 1850 1040 1938 studio
1058 1853 1203 1934 effodit.
1250 1861 1286 1936 Α

180 1973 254 2068 'lpl
266 1980 318 2087 φΰ
353 1994 457 2075 prop.
487 1961 673 2072 pertuditt
706 1965 807 2042 Hinc
826 1965 1034 2056 excavavit,
1066 1969 1285 2066 perioravit,

182 2082 359 2189 perfodit.
383 2075 435 2158 To
449 2077 509 2184 dig
519 2101 589 2167 our,
604 2097 638 2152 to
652 2073 748 2152 make
760 2101 783 2152 a
797 2073 869 2154 hose
882 2101 920 2153 or
933 2079 1051 2184 covity
1066 2077 1106 2183 by
1116 2091 1228 2177 prercr
1277 2138 1287 2159 .

130 2193 248 2300 3228,
274 2193 386 2271 Vn.
405 2195 468 2270 26.
491 2189 592 2284 rupit
609 2181 903 2277 Consumemini,
927 2188 1015 2293 apl.
1034 2215 1089 2266 m.
1107 2189 1175 2268 fut.
1201 2108 1287 2298 αξ.

139 2355 155 2376 .·
181 2305 219 2382 A
238 2301 321 2398 Πῆἓ
340 2311 457 2410 0²*
474 2305 556 2378 tulit
577 2326 587 2374 ι
619 2299 718 2376 Hinc
737 2294 976 2400 consumpsit.
1036 2295 1088 2377 To
1103 2299 1227 2406 sweep
1245 2327 1289 2379 a·

180 2419 280 2523 way,
312 2411 519 2518 to''destroy.
567 2399 669 2488 'vid
692 2433 796 2488 num.
825 2407 925 2508 1185
951 2403 1017 2518 (i).

166 2667 225 2754 (h)
248 2666 320 2734 Vox
335 2669 448 2742 l't’W
467 2662 589 2752 proprie
599 2663 644 2729 est
659 2662 852 2750 adjetlivutn,
868 2677 899 2728 et
912 2683 966 2750 per
977 2659 1147 2732 substantivi
1160 2663 1291 2752 ellipsin,
1431 2671 1438 2678 '

123 2755 220 2823 varias
236 2757 374 2820 notiones
389 2751 524 2838 recipere
541 2749 660 2835 potell:
684 2751 743 2814 Hic
769 2749 884 2838 signum
912 2749 1091 2836 promicans,
1114 2755 1194 2838 quod
1220 2774 1290 2818 cum

122 2841 259 2908 tremulo
269 2859 351 2906 moto
362 2837 403 2902 ita
418 2835 582 2921 prominet,
594 2852 624 2900 ut
635 2831 684 2899 sua
696 2831 802 2920 sponte
815 2834 845 2900 in
854 2839 959 2901 oculos
973 2835 1130 2904 hominum
1141 2853 1291 2904 occurrat.

73 3008 77 3016 φ
121 2925 295 3000 Adhibetur
313 2924 364 2990 hic
383 2925 419 2988 de
439 2921 690 3009 peniculamentir
704 2941 779 3006 quae
794 2919 893 2988 Mol'e'e
905 2921 983 3006 jullit
999 2920 1145 2993 israelitas
1162 2923 1288 2989 vestiunt

122 3013 238 3080 snarom
261 3008 322 3078 oria
342 3027 492 3088 attexere,
515 3027 545 3076 ut
561 3005 630 3072 inde
646 3007 862 3091 dependenter,
883 3029 952 3073 cum
970 3011 1103 3076 tremulo
1119 3028 1204 3076 motu
1220 3029 1290 3095 pro-

121 3100 279 3176 micarent,
297 3099 403 3184 eodem
419 3094 483 3160 iere
500 3095 591 3160 modo
603 3113 662 3177 quo
677 3095 776 3158 antiae
790 3097 826 3158 de
841 3093 939 3178 capite
955 3095 1168 3180 propendulae.
1192 3095 1289 3162 Erant

120 3185 172 3252 fila
186 3185 236 3250 lon
260 3183 360 3250 iorum
374 3181 559 3246 fimbriarum
575 3179 605 3246 iu
620 3197 745 3263 quatuor
757 3179 844 3245 vellis
857 3179 974 3266 augulis
988 3181 1091 3266 plexa,
1108 3199 1137 3247 et
1151 3180 1292 3336 pniculo

120 3270 245 3356 hyaciut
271 3268 313 3333 ini
328 3267 449 3346 coloris,
474 3283 504 3332 ut
521 3264 570 3330 lex
589 3267 754 3350 prcecepit,
770 3264 950 3354 colliganda.
980 3269 1078 3350 Qrare
1093 3271 1148 3339 D·
1177 3276 1223 3341 'll
1238 3266 1290 3334 fila

120 3371 263 3424 contorta
278 3371 437 3433 vocamur,
460 3351 552 3416 Deut.
567 3349 640 3416 xxii.
666 3358 717 3416 ra·¹
735 3351 841 3416 Latine
864 3351 988 3416 cirrota
1011 3352 1122 3437 pellare
1140 3351 1288 3438 possimus.
1312 3383 1316 3390 ·

121 3447 219 3530 Quem
237 3441 267 3507 in
286 3441 375 3506 finem
394 3437 637 3524 peniculamenta
652 3435 779 3524 uestibus
797 3439 958 3502 attexenda
988 3455 1054 3516 unt,
1077 3439 1156 3504 addit
1174 3435 1289 3521 Moses,

119 3551 186 3608 ver.
202 3547 252 3614 39.
286 3532 310 3565 “
333 3523 374 3589 Et
390 3523 448 3588 erit
466 3521 552 3585 vobis
566 3524 595 3587 iu
612 3519 798 3600 fimbriam·
820 3541 852 3586 ut
869 3524 964 3611 vulgo
981 3526 1112 3590 redditur
1128 3549 1138 3600 ;
1160 3519 1209 3589 sed
1225 3542 1291 3590 tau·

120 3613 239 3704 tolog‘ta
254 3611 333 3689 effer,
356 3607 474 3674 fimbria
490 3604 561 3672 elset
581 3607 664 3672 vobis
685 3607 715 3674 in
739 3605 903 3689 fimbriam,
925 3609 1023 3696 potius
1036 3609 1066 3675 in
1083 3608 1203 3697 fignum
1218 3629 1288 3696 pro·

118 3701 246 3784 micans,
270 3695 350 3782 quod
365 3715 432 3760 cum
450 3693 582 3758 tremulo
597 3711 680 3758 motu
695 3694 736 3758 ita
751 3693 914 3780 prominet,
940 3711 970 3759 ut
985 3691 1032 3760 sua
1049 3693 1154 3782 sponte
1169 3695 1199 3760 in
1214 3715 1288 3760 ocu-

118 3788 202 3853 culos
214 3785 373 3851 homiuum
389 3779 535 3853 incurrat,
550 3799 715 3864 eorumque
729 3779 862 3843 animum
877 3779 995 3845 afficiat.
1017 3781 1057 3846 Et
1075 3780 1116 3845 ita
1132 3777 1202 3844 sane
1216 3781 1289 3846 Mo·

120 3871 327 3958 fesexplicar,
349 3871 373 3904 ‘⁴
397 3865 435 3928 Et
457 3863 595 3932 ridebitis
610 3862 682 3929 illud
699 3864 986 3950 peniculamentum,
1001 3883 1034 3932 et
1051 3865 1289 3937 recordabimini

119 3963 145 3998 ‘⁴
166 3957 305 4024 omnium
322 3967 552 4042 praeceptorum
565 3948 716 4031 Jehovae,
738 3967 769 4018 et
786 3948 901 4016 facietis
915 3957 984 4018 ea.''

160 4071 198 4156 (t)
222 4069 307 4134 Van·
324 4063 375 4130 ab.
404 4037 497 4153 '3¹29
515 4035 568 4130 ὦ
588 4063 624 4151 ’,3
653 4059 742 4142 Quod
764 4079 823 4124 non
851 4063 975 4149 proprio
996 4061 1077 4142 ausu,
1101 4060 1170 4146 scil.
1195 4057 1293 4129 animi

120 4189 205 4245 motu
221 4178 298 4243 haec
314 4163 451 4240 fecerim.
497 4167 555 4232 Hic
572 4168 661 4252 plane
677 4163 782 4232 Moses
796 4167 929 4234 declarat
946 4167 976 4236 se
993 4171 1104 4236 nullam
1121 4169 1290 4238 donnum

120 4263 239 4345 promul
264 4258 332 4336 dise,
358 4255 500 4338 nullaque
524 4253 670 4318 miracula
695 4249 791 4316 fecilse
812 4245 972 4320 secundum
995 4277 1109 4322 merum
1126 4257 1290 4341 impulsum

119 4345 215 4414 animi
243 4341 351 4430 ui,led
368 4339 655 4426 juxtavol'untatem
674 4337 747 4423 Dei,
767 4337 1064 4424 quinileratillum.
1109 4341 1189 4409 Vide
1196 4343 1302 4494 alaune-
1347 4361 1354 4382 ⁴·

460 4446 474 4468 ⁸
1160 4443 1193 4495 tn
1237 4445 1289 4496 m

60 4639 118 4646 ,-
