2908 4832
193 213 247 304 26
498 220 560 300 Dr
582 221 749 314 Grnu'ina
769 201 1004 329 Antiquitate

203 435 209 446 '
256 420 334 500 Sed
350 416 510 501 Arabes
522 419 749 528 saepissime
765 451 976 531 poemata,
995 423 1182 530 aliosque
1201 421 1333 504 libros

192 541 306 623 lesiu
339 538 615 637 difficiliorem
648 548 839 652 punciis
872 547 1090 656 insignire,
1135 545 1331 626 manifes-

194 689 289 744 tum
322 663 379 742 est
411 691 464 743 ex
497 663 613 746 MSS.
632 685 818 760 eorum;
850 671 912 750 uti
947 699 1000 751 ex
1015 667 1331 774 exemplaribus

157 833 161 838 ·
180 785 349 868 ·Haririi
370 785 649 880 conscll’uum,
667 788 710 868 in
723 791 888 872 oriente
909 793 1087 900 scriptis,
1102 812 1143 869 et
1162 789 1332 896 punitis

159 957 164 966 ·
194 905 411 990 vocalibus
433 910 618 1004 ornatius
636 933 769 1016 patet.
805 915 883 1018 Qu
909 916 1017 995 liber
1040 913 1068 992 fi
1092 911 1177 992 fine
1197 939 1333 1018 punc·

194 1029 248 1110 tis
262 1027 434 1140 leslioni
449 1032 575 1111 etiam
595 1031 782 1138 ipsorum
799 1039 990 1116 Arabum
1011 1035 1192 1116 traditus
1214 1029 1329 1138 effer,

194 1144 251 1233 nc
285 1153 512 1232 centesima
530 1153 709 1260 quidem·
732 1184 827 1264 pars
867 1154 1147 1268 (Schultenlio
1170 1155 1326 1262 gravis.

190 1271 357 1385 judice)
382 1277 470 1382 ejus
493 1275 669 1373 luceret,
706 1306 793 1358 non
828 1282 967 1362 dicam
1003 1281 1140 1372 nobis,
1178 1276 1334 1358 sedvel

195 1397 371 1503 linguae
389 1399 552 1503 patriae
574 1400 836 1502 peritissimis.
922 1399 1080 1484 Clariss‘.
1111 1400 1336 1494 Schulten·

196 1519 293 1614 stus,
318 1519 391 1624 qui
405 1521 527 1626 plura
545 1523 847 1630 manuscripta,
869 1525 1111 1632 praesertim
1137 1523 1334 1618 Arabica,

196 1669 297 1722 cum
332 1642 546 1738 evolverat
581 1667 671 1726 tum
706 1669 906 1743 verterat,
954 1671 1084 1756 quam
1119 1645 1333 1753 Capellus,

1281 1794 1291 1842 l

196 1861 279 1976 75?
297 1881 442 1960 nascetur,
492 1905 589 1966 aeque
613 1907 647 1946 ac
666 1847 750 1954 will
780 1889 895 1966 gignet,
917 1890 967 1948 vel
984 1864 1068 1972 ’ἡν
1086 1772 1359 1966 giginneiiirm[liii-¹

106 1985 114 1998 ’
196 1993 306 2053 horret
318 2004 350 2050 ‘a
369 2011 443 2052 vero
457 1995 533 2051 haec
556 1999 645 2058 nulla
671 1997 782 2057 notula
796 1995 941 2056 distincta
959 1996 1055 2058 fuisse.
1091 1991 1191 2052 Multa
1205 1993 1283 2052 talin
1302 1996 1339 2054 in

198 2073 305 2132 Bibliis
332 2072 544 2150 reperientur,
564 2077 599 2138 in
612 2079 723 2158 quibus
736 2077 925 2158 ambiguum,
940 2077 962 2138 fi
978 2081 1093 2157 puncta
1114 2071 1212 2132 absint
1238 2075 1338 2152 quies·

197 2167 312 2213 canule
330 2157 422 2213 an
449 2169 484 2213 et
506 2157 565 2235 Jod
578 2160 748 2232 radicales„
762 2178 801 2218 an
831 2175 1025 2221 moveantur.
1068 2161 1134 2216 Hoc
1153 2175 1260 2215 verum
1281 2155 1351 2217 eli'e'

196 2249 289 2314 patet
302 2255 340 2294 cx
354 2235 461 2314 lingui
476 2239 615 2314 Arabici,
630 2241 684 2299 ubi
695 2237 807 2318 pasliva
818 2241 920 2300 forma
933 2243 1060 2318 semper,
1072 2257 1168 2315 aeque
1179 2235 1245 2296 fere
1256 2258 1289 2296 ac
1303 2239 1342 2302 in

197 2313 351 2388 Hebraei,
365 2315 556 2380 solummodo
571 2321 695 2400 punctis
710 2321 867 2380 vocalibus
883 2322 921 2380 ab
936 2321 1035 2381 adivi
1050 2317 1253 2397 distinguitur
1269 2341 1277 2377 a
1301 2323 1340 2379 Et

183 2397 271 2468 'hinc
281 2395 386 2456 variae
399 2399 550 2476 quaedam
564 2403 714 2463 leciiones
727 2403 761 2460 in
776 2405 929 2462 Alcorano
943 2415 1064 2461 tautum
1082 2421 1121 2459 ex
1136 2399 1229 2458 variis
1242 2420 1341 2478 punc-

197 2479 241 2538 tis
254 2477 410 2538 vocalibus
425 2495 513 2540 ortae
528 2485 611 2550 sunt;
627 2482 709 2563 quod
720 2483 823 2562 plane,
853 2482 1008 2542 rationem
1026 2485 1213 2562 puntstorum
1226 2482 1342 2541 vocali·
1436 2551 1438 2558 γ

195 2580 248 2619 um
261 2561 388 2620 omnino
399 2561 573 2624 habendam
585 2565 650 2639 etse,
659 2563 926 2642 diversitatemque
936 2580 1000 2624 tam
1009 2563 1258 2641 vocaliumquam
1269 2583 1343 2621 con·
1437 2595 1438 2604 κ

196 2641 550 2724 sonantiumdiligenter
559 2645 729 2706 notandam
739 2644 807 2718 ess'c,
822 2645 863 2705 ad
876 2665 982 2705 verum
998 2659 1030 2705 et
1039 2645 1208 2725 genuinum
1221 2645 1342 2705 sensum
1436 2683 1438 2698 ‹

199 2723 318 2782 Moseoe
332 2735 364 2780 et
387 2729 611 2801 prophetarum
636 2727 819 2798 eruendum,
839 2725 1001 2785 monstrat.
1028 2731 1113 2786 luter
1125 2726 1223 2784 varias
1240 2724 1343 2784 clailies

196 2803 385 2862 variantium
393 2804 561 2866 lectionum
574 2829 651 2888 quae
665 2823 838 2880 occurrant,
854 2827 917 2866 non
932 2821 1056 2867 tantum
1066 2827 1103 2866 ea
1113 2827 1176 2885 que
1191 2807 1224 2865 in
1239 2807 1342 2866 literis

197 2885 349 2957 consonis,
366 2884 414 2944 sed
426 2888 564 2947 etiamin
579 2889 875 2968 punc‘tisvocalibus,
886 2888 1027 2947 meminit
1039 2886 1151 2947 erudit.
1167 2889 1341 2961 Michaelis,

198 2966 253 3044 qui
266 2987 335 3039 cum
345 2964 506 3028 duodecim
522 2971 795 3044 commilitonibus,
819 2971 1020 3028 collationem
1032 2969 1171 3028 codicum
1185 2970 1340 3028 Hebraeo·

198 3067 280 3121 rum,
302 3066 366 3106 non
377 3059 499 3108 tantum
512 3049 738 3130 impressorum,
756 3050 941 3130 pracsertim
955 3051 1040 3110 illius
1062 3051 1169 3110 donis.
1184 3049 1339 3131 Jablonllti

125 3167 128 3174 ι
198 3130 280 3188 MSS.
298 3127 603 3192 membranaceorum
631 3131 853 3192 Erfurtenfium
873 3131 1058 3206 instituisset,
1088 3129 1340 3210 perseciflitque;

199 3216 223 3248 “
237 3209 373 3269 Lec‘ioris
384 3223 488 3270 autern
499 3213 618 3274 notarii
633 3213 692 3295 (ait
703 3211 880 3292 Michaelis)
893 3214 1047 3293 vicesipse
1059 3211 1251 3286 sustinebam,
1264 3233 1341 3290 pau·
1436 3281 1438 3286 ¹

199 3296 223 3356 (ἔ
235 3292 409 3369 -lulumque‘
426 3293 616 3354 subsistebum
637 3315 702 3353 non
726 3293 764 3352 ad
779 3293 911 3372 singulas
925 3309 1049 3355 tantum
1063 3313 1165 3366 voces,
1181 3291 1232 3351 sed
1248 3294 1343 3354 etiam

199 3377 223 3418 ‘-‘
244 3373 457 3447 consonantes,
485 3379 608 3450 vocales,
634 3389 666 3433 et
695 3390 851 3449 accentus,
881 3377 1060 3456 criticasquc
1084 3389 1186 3447 notas,
1211 3377 1344 3456 utquis-

199 3461 223 3492 “
244 3473 303 3532 que
329 3452 433 3524 adsum
451 3457 585 3516 codicem
607 3455 748 3515 accurati:
773 3457 999 3534 introspiceret,
1022 3477 1131 3534 tneque
1159 3469 1193 3514 et
1219 3457 1345 3514 univer-

199 3542 222 3574 u
243 3537 307 3594 sum
323 3535 531 3616 collegium,si
547 3537 622 3617 quid
634 3538 753 3596 varium
770 3537 1069 3616 deprehenderetur,
1078 3539 1254 3596 moneret.'’
1270 3535 1344 3596 Vid.

199 3623 223 3672 ἱ(
245 3614 377 3697 Praffat.
391 3633 426 3694 p.
442 3634 469 3688 5.
488 3621 528 3676 ad
549 3617 616 3677 bibl.
640 3616 805 3677 Hes‘edna
826 3617 861 3690 ab
890 3620 935 3700 Jo.
956 3620 1059 3678 Heinr.
1083 3619 1248 3693 Michaelis,
1277 3621 1343 3690 Sao,

197 3703 223 3746 <‘
245 3698 341 3756 Halae
356 3695 609 3778 Magdeburgicae,
630 3700 719 3772 1726.
1228 3697 1231 3714 '
1316 3749 1320 3754 .

238 3779 286 3837 el.
302 3777 444 3856 Capellus
458 3779 553 3839 etiam
570 3782 726 3842 rationem
747 3781 916 3840 lectionum
932 3781 1106 3842 habendam
1117 3779 1173 3838 effe
1187 3771 1343 3838 vatinium

197 3881 277 3942 quae
289 3879 327 3918 ex
342 3861 530 3953 punctorum
546 3865 699 3922 vocalium
712 3861 890 3921 diversitate
906 3864 1055 3922 oriuntur
1077 3861 1227 3941 agnoscit.
1273 3863 1345 3938 Spe·

198 3943 290 4004 ciales
308 3939 383 4019 (viz.
398 3939 505 4000 variae
519 3943 682 4015 lectiones,
698 3943 744 4004 ait
757 3941 827 4020 ille)
844 3945 969 4002 Veteris
990 3943 1180 4004 Testamenti
1203 3942 1222 3997 s
1221 3954 1275 4000 unt
1289 3943 1347 4000 illa

219 4042 276 4084 uae
290 4019 451 4080 versantur
464 4022 546 4082 circa
561 4027 678 4100 puncta
691 4021 819 4080 vocalia.
844 4023 916 4084 Vid.
926 4025 1037 4104 Capell.
1053 4024 1127 4084 Criu
1141 4025 1221 4082 Sace.
1234 4037 1266 4100 p.
1278 4039 1346 4096 7.-

196 4045 246 4174 ile
263 4101 311 4160 his
324 4100 424 4180 igitur
439 4102 598 4180 speciatim
616 4105 691 4184 agit,
704 4117 734 4179 p.
762 4121 807 4172 ις.
825 4102 935 4164 ibidem.

219 4182 293 4242 ‚Uti
308 4179 467 4242 diversitas
481 4189 668 4262 punciorum
690 4185 845 4244 vocalium
875 4187 969 4263 plane
996 4187 1149 4248 diversum
1176 4185 1293 4245 sensum
1311 4184 1346 4244 in

195 4263 292 4336 variit
304 4262 430 4323 vocibus
440 4266 537 4341 parit,
552 4265 586 4324 in
597 4265 765 4325 collatione
776 4269 857 4325 MSS.
873 4271 912 4326 V·
924 4269 1009 4328 Test.
1025 4267 1202 4328 differentia
1216 4267 1347 4343 pundo·

196 4365 265 4412 rum
278 4343 429 4420 vocalium
440 4347 739 4417 omnimodo-notari
751 4346 863 4408 debuit
875 4375 883 4415 ;
901 4351 974 4426 quia
984 4351 1152 4412 hincvcrue
1165 4348 1267 4408 senlits
1279 4349 1346 4407 Mo·

195 4431 261 4490 seos
275 4441 306 4488 et
320 4429 547 4506 prophetarum
563 4431 664 4492 multo
679 4428 794 4500 certius
808 4429 941 4491 erttitur.
