2924 4832
83 4614 129 4621 ⁷-

196 233 225 330 ’6
515 219 750 340 Ἁητίᾳπίτατε
779 251 817 314 ct
847 224 1022 314 utilitati

256 441 337 526 ch
359 438 422 520 vir
443 433 605 531 doetus,
630 463 749 520 extra
772 440 969 534 dubium,
995 436 1232 520 universam
1254 439 1337 524 lim

196 591 328 672 guam
361 561 612 655 Hebraeam,
651 560 736 670 quai
773 561 854 642 lat&
893 562 1030 668 patuit
1067 545 1183 655 olim,
1225 569 1342 648 intra

86 783 88 793 Ι
197 688 436 768 Bibliorum
457 684 667 764 cancellos
690 685 921 779 contineri,
959 711 1117 790 ponere
1139 686 1305 768 videtur
1328 721 1342 780 3

197 809 316 916 quod
342 833 420 887 uec
443 806 666 888 verifimile
689 807 758 900 est,
786 835 863 886 nec
887 799 939 890 ab
964 807 1048 886 ullo
1072 810 1240 916 probari
1263 837 1339 915 po-

195 931 273 1010 test
293 961 302 1006 ι
342 932 504 1010 Omnes
526 931 640 1009 enirn
664 934 740 1036 qui
761 931 921 1037 aliquid
946 933 990 1011 in
1015 930 1236 1012 literatura
1256 933 1340 1011 He«

193 1052 339 1132 braica
369 1055 533 1148 vident,
568 1079 765 1159 magnam
802 1053 973 1158 linguae
1009 1075 1171 1158 partem
1206 1055 1339 1134 inter·

194 1173 355 1268 ciddle,
387 1199 516 1287 atque
544 1176 588 1256 in
621 1201 707 1254 uno
736 1175 895 1255 Codice
924 1177 1063 1268 Sacro,
1099 1176 1210 1258 baud
1243 1173 1337 1256 nna

193 1325 358 1403 magna
377 1301 518 1391 molis,
540 1298 789 1404 neutiquam
808 1323 955 1377 ornnes
970 1323 1071 1404 opes
1089 1297 1336 1404 amplitudia

191 1447 381 1526 nemque
399 1422 567 1527 linguar,
587 1421 721 1526 qualis
739 1419 776 1498 l'e
795 1420 945 1500 babuit
961 1422 1062 1500 dum
1080 1421 1174 1500 viva
1190 1445 1231 1500 et
1247 1447 1338 1502 ver-

191 1545 349 1626 nacula
372 1529 490 1634 ellet,
511 1544 853 1648 conspiciendam
878 1543 1094 1649 praebere,
1127 1540 1332 1624 fatentur.

193 1663 370 1748 Etiamsr
388 1691 487 1744 vero
506 1665 717 1744 viriduni
735 1665 814 1744 boc
833 1665 1079 1771 agnoscant,
1104 1687 1244 1744 tamen
1265 1691 1336 1744 eos

191 1787 337 1870 miuus
360 1785 580 1871 attendisse
611 1787 665 1867 ad
688 1785 1034 1891 magnitudinem
1057 1787 1164 1872 illius
1189 1789 1333 1880 cladis,

193 1905 280 2017 qui.
296 1911 515 2020 captivitas
535 1911 810 2013 Babylonica,
835 1907 1138 2015 sequentesque
1154 1911 1338 2016 judaeo·
1385 2005 1387 2011 ,

190 2059 291 2114 rum
309 2034 581 2126 calamitates,
605 2031 767 2136 aliquot
786 2030 917 2118 millia
936 2033 1143 2125 radicum,
1169 2057 1338 2110 earum*

192 2179 278 2259 que
300 2154 603 2259 propaginum,
631 2152 754 2236 nobis
776 2153 1081 2248 subtraxerint,
1117 2153 1302 2238 videtur.

254 2273 506 2354 Clarillrmus
529 2274 877 2366 Hutchinsouius,
912 2277 965 2354 ad
988 2275 1101 2367 suam
1125 2274 1340 2382 hypothe2

193 2395 345 2478 finde
377 2397 567 2477 novitate
599 2419 641 2478 et
673 2397 904 2480 inutilitate
934 2397 1105 2504 linguae
1129 2396 1339 2480 Arabicae-

192 2519 550 2613 confirmandam,
595 2523 733 2629 primo
771 2519 857 2600 stne
888 2518 974 2602 ulli
1007 2521 1092 2602 fide
1125 2519 1335 2614 hilterica,

191 2640 326 2720 immo
360 2664 509 2722 contra
540 2642 668 2722 fidem
699 2641 993 2722 historicorum
1018 2644 1222 2728 Arabum,
1260 2670 1335 2748 po·

141 2833 145 2843 .
191 2761 288 2842 nit:
324 2773 352 2809 “
387 2765 546 2844 Arabes
570 2766 755 2872 posteros
777 2763 888 2844 illius
912 2765 1070 2844 mixtae
1092 2765 1336 2846 multitudi-

193 2894 224 2932 “
259 2883 323 2963 nis
347 2881 480 2977 fuille,
503 2914 611 2992 quae
634 2915 685 2967 ex
706 2885 890 2994 AEgypto
914 2913 997 2966 una
1020 2915 1116 2966 cum
1143 2886 1342 2974 Israelitis

193 3015 224 3053 ‘⁶
258 3004 414 3112 egrella
437 3005 566 3088 fuerit
586 3011 626 3098 ;”
669 3031 793 3088 etex
825 3008 901 3087 hac
931 3007 1030 3088 falsi
1059 3009 1128 3090 l'ub
1149 3009 1341 3117 supposr·.

191 3129 329 3223 tione,
366 3129 451 3210 fine
484 3129 571 3210 ulla
603 3132 874 3236 probatione,
909 3131 1069 3211 Arabes
1103 3131 1240 3210 foeces
1268 3131 1342 3212 Ill-¹,

193 3251 318 3357 gypti
341 3249 459 3330 fuille
482 3254 724 3333 contendit.
792 3254 938 3332 Virum
973 3253 1146 3332 dotium
1179 3255 1221 3332 in
1259 3255 1336 3344 bito
1444 3234 1448 3243 Ι

192 3373 264 3453 sub
287 3373 508 3479 hypothesr
531 3373 693 3467 errblle,
728 3401 780 3453 ex
803 3374 970 3455 historia
994 3375 1134 3468 Mons,
1160 3399 1201 3466 et
1229 3379 1341 3486 ipso:
1449 3377 1450 3392 ‘

189 3521 287 3574 rum
310 3497 519 3593 Arabum,
556 3497 787 3586 monstrare
810 3499 1062 3581 conabimur
1089 3495 1105 3608 (
1126 3495 1160 3609 ).

1238 3648 1329 3721 turo,

230 3753 254 3788 “
276 3751 360 3831 Qu'd
375 3752 471 3828 enirn,
494 3752 534 3812 ad
548 3773 648 3832 pauca
663 3767 701 3818 ut
715 3754 852 3830 redeam,
879 3756 998 3838 (inquit
1014 3757 1089 3818 olor.
1102 3755 1334 3838 Sclrultensrus),
1443 3767 1446 3834 5

191 3837 217 3871 “
237 3829 260 3894 st
279 3835 492 3894 sexcentorum
513 3849 546 3893 et
560 3836 649 3894 ultra
664 3836 816 3912 radicum,
843 3859 882 3896 ex
903 3838 961 3916 qui
981 3837 1082 3895 omnis
1104 3837 1334 3912 interpretandi

192 3919 217 3951 ‘⁴
237 3915 321 3971 ratio
344 3913 482 3989 ducitur,
503 3935 607 3978 veram
625 3915 763 3977 indolem
779 3933 813 3977 ct
827 3917 1017 3998 significandi
1033 3917 1107 3991 vim,
1129 3919 1158 3975 se
1177 3913 1267 3994 plani
1286 3919 1334 3978 su·

192 4000 217 4032 “
238 4013 313 4074 gere
336 3993 486 4057 senfifl‘ent
508 3998 615 4079 magui
637 4013 670 4059 et
690 4019 801 4080 graves
822 4001 985 4096 theologi3
1013 4018 1118 4056 nonne
1138 3998 1335 4078 incredibile,

191 4081 217 4111 “
238 4074 321 4153 quod
341 4095 393 4134 eos
419 4078 551 4137 studium
574 4080 785 4140 inflammtss'et
811 4079 851 4140 ad
871 4094 1036 4144 teutatem
1061 4079 1241 4143 latitantem
1262 4103 1335 4158 quq-

190 4161 215 4193 “
235 4156 281 4214 vis
304 4156 413 4216 sudore
434 4159 691 4238 persequendam,
718 4177 812 4240 atque
832 4183 850 4220 e
870 4161 1009 4221 tenebn's
1029 4161 1199 4221 cruendam
1213 4164 1247 4220 3³³
1280 4166 1332 4226 dte.

188 4235 265 4296 Vid·
283 4237 440 4318 Schultens.
460 4241 540 4320 Orig.
561 4239 631 4300 Hel.
656 4245 712 4301 ool.
731 4245 754 4301 l.
772 4257 804 4320 p.
825 4261 871 4302 10.
1250 4249 1258 4281 ⁹

230 4337 275 4418 (e)
301 4345 323 4378 “
346 4347 404 4402 Let
425 4363 460 4402 us
482 4343 611 4422 enquire
637 4346 697 4425 (ait
714 4343 974 4422 Hutchinsonius)
998 4347 1087 4405 what
1105 4348 1336 4424 opportunities
1427 4370 1432 4381 ·

187 4420 214 4503 is
234 4421 290 4486 the
306 4424 461 4494 Arabim
476 4425 542 4490 had
557 4437 592 4490 to
607 4445 694 4489 come
710 4427 751 4510 by
768 4425 852 4498 their
865 4423 1066 4512 hlowlcdge.
1106 4431 1334 4589 Suppqffbwtgrrqr
