2908 4832
198 291 254 371 30
307 352 310 360 ,
454 289 459 304 ·
501 257 564 341 De
585 229 752 340 Gemina
772 257 1010 362 Antiquitate

71 557 76 568 ,
200 485 290 550 tem
309 455 559 574 po'ffediffe;
596 460 788 575 quamvis
809 459 922 540 ultro
944 458 1118 568 largior,
1163 453 1339 538 nonsa-

202 591 256 672 tis
277 588 456 696 liquere,
477 609 689 690 quaenam
706 582 866 662 fuerint
883 585 961 662 bae
979 581 1149 662 notulae
1164 604 1208 661 et
1229 579 1344 684 ligu-

120 723 127 736 '
202 739 295 794 rae.⁸
348 718 355 737 “’
374 709 513 814 Supra
534 705 777 798 submonui,
801 733 886 784 uno
911 705 1118 812 punclulo
1141 729 1230 783 rem
1267 725 1344 777 ex-

201 833 344 946 pediri
365 823 562 940 potuille.
627 829 723 910 Tali
757 827 877 933 ligno
906 829 997 908 usos
1020 827 1181 908 Arabes
1205 819 1344 904 vetus-

204 973 286 1051 tos,
304 953 449 1038 dobuit
465 953 557 1063 jam
578 950 692 1030 Clar.
715 950 1011 1057 Hottingerus,
1029 947 1138 1061 Thes.
1151 944 1338 1054 Philolog.

203 1085 248 1190 p.
289 1102 393 1186 401.
431 1073 506 1154 ubi
556 1095 762 1181 provocat
793 1073 845 1151 ad
890 1071 1182 1178 fragmentum
1216 1068 1345 1150 Alco-

205 1202 302 1286 rani
319 1193 557 1281 charac'lere
573 1194 739 1278 Cuffico
754 1198 931 1291 exarati,
947 1195 990 1274 in
1006 1221 1092 1301 quo
1107 1221 1188 1300 ope
1206 1217 1345 1296 punc·

205 1325 286 1406 tuli
308 1341 425 1402 nunc
440 1320 579 1425 supra,
596 1317 714 1398 nuuc
732 1305 858 1410 infra,
879 1321 943 1400 vel
957 1339 1031 1400 aut
1046 1317 1159 1396 intra
1174 1314 1343 1394 literam

207 1445 349 1558 pofiti,
370 1439 556 1523 divorsae
578 1443 742 1522 vocales
766 1442 1029 1523 notabantur
1053 1435 1131 1553 (n).
1177 1439 1269 1548 Hoc
1291 1440 1355 1514 ex'

204 1562 704 1674 ‘antiquillitniArabum
730 1564 947 1646 liceretur-*a
967 1585 1090 1645 extra
1112 1557 1348 1644 dubitatio·

211 1695 278 1776 nis
300 1691 431 1772 aleam
447 1684 758 1767 collocaturum
777 1714 844 1765 me
862 1688 998 1796 spero.
1022 1690 1123 1769 Vid.
1139 1683 1343 1792 Schultens.

204 1815 306 1926 lost,
329 1815 445 1923 Ling.
470 1811 560 1890 Heb.
580 1828 632 1917 p.¹
652 1812 724 1919 64·
758 1829 795 1892 et
815 1810 977 1922 Differt.
1013 1793 1123 1922 nostr.
1148 1812 1189 1890 de
1210 1807 1345 1918 Antiq.

144 2025 147 2037 ,
211 1939 329 2047 Ling.
355 1936 474 2021 Arab.
512 1930 594 2024 &a
719 1943 721 1947 ’

276 2059 494 2144 Audadler
516 2083 604 2136 non
627 2055 768 2137 minus
790 2085 920 2168 quam
954 2048 1128 2140 confuse
1150 2054 1354 2136 sententi-

123 2223 129 2236 1
217 2211 287 2265 am
312 2183 429 2264 suam
460 2175 619 2259 doctiss.
644 2177 856 2262 Simonius
878 2181 932 2261 de
955 2181 1031 2261 hac
1054 2176 1352 2288 re'pronuuti-

216 2329 290 2385 at:
324 2315 354 2354 “
380 2289 572 2408 Linguae
596 2303 822 2384 orientales
853 2304 950 2385 alias
988 2333 1011 2384 a
1040 2305 1254 2414 principio
1275 2329 1352 2383 vo·

218 2425 390 2510 “cales
429 2421 506 2542 (ait
555 2419 643 2535 ille)
678 2407 760 2532 'pro
799 2426 966 2534 ponetis
1014 2428 1231 2508 hodiernis
1280 2427 1354 2508 ha·

213 2561 253 2604 ·“
283 2551 432 2632 buere.
499 2549 563 2629 De
603 2547 773 2655 Lingui
807 2549 1027 2646 Hebraiclt‚
1071 2579 1125 2632 ex
1151 2549 1350 2648 Arabici,

214 2681 251 2724 ‘⁸
283 2672 527 2768 chaldaica,
552 2669 667 2776 Syri,
687 2697 795 2777 quae
816 2673 981 2753 vocales
1004 2671 1119 2769 alias,
1142 2699 1350 2754 unacum
1433 2725 1435 2750 ι

220 2805 253 2844 “
285 2795 434 2902 lingui
455 2793 542 2904 ipsi
559 2787 752 2902 primitiis
776 2817 914 2893 natae,
933 2797 1158 2876 letlionem
1184 2824 1269 2875 non
1297 2795 1355 2874 sa-

208 2927 253 2966 '“
286 2917 338 2997 tis
353 2915 780 3022 firmabant,pundla,
802 2939 849 2998 ut
868 2921 1002 3026 magis
1016 2917 1355 3013 firmareturmd*

215 3052 254 3088 '⁴‘
286 3041 461 3123 inventa
500 3040 642 3122 sunt.”
720 3041 895 3122 Vocales
926 3044 1016 3123 illas
1044 3041 1142 3121 alias
1180 3042 1354 3148 linguae
1396 3099 1435 3128 ‚·

166 3181 172 3204 ¹
219 3163 445 3262 Arabicae,
468 3161 735 3256 chaldaicae,
753 3185 794 3242 et
813 3163 1021 3271 Syriacae,
1050 3189 1157 3272 quac
1176 3165 1227 3242 ab
1249 3163 1356 3271 ejul'·

220 3287 342 3368 modi
364 3287 529 3394 punllis
553 3314 641 3366 non
665 3287 898 3394 pendeant,
936 3287 1128 3398 proferre
1150 3283 1357 3369 debuiffet

212 3409 475 3490 'criticorum
520 3413 747 3518 princepae
789 3411 868 3491 Sed
887 3414 1087 3493 haetenus
1108 3413 1268 3490 Arabes
1302 3413 1357 3488 ab

225 3533 466 3637 primordio
487 3533 586 3614 artis
611 3532 825 3614 scribendi
858 3533 1014 3651 punila
1048 3535 1205 3616 vocalia
1227 3530 1360 3644 polle·

214 3649 330 3732 diffe
353 3653 627 3738 ostendimus.

1279 3777 1364 3858 sed

266 4013 316 4095 (a)
335 4015 527 4078 Doctiffunna
541 4023 672 4098 cooper,
689 4039 857 4098 provocans
873 4021 913 4081 ad
926 4025 1043 4082 huncce
1056 4025 1157 4082 locum
1173 4021 1364 4100 Hottingeri,

227 4094 317 4155 addit
331 4098 407 4176 ipse,
430 4104 454 4136 “
475 4103 552 4164 Tale
572 4099 648 4180 quid
667 4122 687 4160 a
707 4103 780 4162 clar.
798 4107 837 4162 D.
856 4108 895 4162 D.
913 4104 1074 4164 Edmundo
1090 4104 1221 4164 castello
1235 4103 1364 4164 memini

214 4181 253 4214 '“
272 4195 322 4236 me
336 4177 500 4262 accepill'e:
524 4183 664 4266 Quocum
684 4182 825 4242 dehisce
846 4186 938 4244 rebus
958 4188 1111 4248 sermones
1132 4206 1190 4264 pro
1204 4186 1250 4259 ei,
1272 4205 1363 4264 quatu

216 4261 255 4294 '“
271 4259 337 4350 ipse
347 4259 571 4323 candidillimus
582 4263 793 4325 mihiindulstt
803 4265 914 4330 *aratri*
925 4270 1199 4352 miscent,ingenue
1208 4275 1297 4340 falsus
1308 4279 1363 4356 est,

217 4342 253 4374 '⁸‘
273 4341 459 4405 Alcoranum
473 4344 511 4402 ab
524 4345 618 4405 initio
632 4349 816 4426 pundlatum
831 4347 939 4419 fuill'e;
962 4357 1145 4430 punctulum
1160 4361 1220 4422 hoe
1244 4362 1292 4442 (ni
1305 4361 1363 4422 fal·

230 4424 255 4457 “
274 4421 322 4480 lat
340 4422 520 4506 augur-lum)
536 4426 725 4528 intelligens,
746 4430 848 4488 van'as
868 4434 1019 4494 vocalium
1040 4441 1179 4501 omnium
1198 4463 1257 4524 pro
1278 4447 1364 4504 vario

230 4503 256 4584 ξ(
275 4501 334 4566 litu
342 4505 509 4592 potestates
520 4509 711 4588 praestitam*
738 4509 811 4574 vid.
825 4513 1000 4595 Coop.Dom.
1016 4519 1137 4602 Mosaic.
1151 4523 1234 4585 Cleo.
1247 4541 1279 4605 p.
1293 4528 1362 4602 267.
