2942 4836
299 295 302 310 .
349 259 385 344 Ε
423 261 468 342 X
503 257 542 338 0
579 255 619 336 D
655 256 676 340 1
730 255 908 336 Cabur·
940 246 1185 332 xxxvtrt.
1268 269 1347 355 395

349 568 385 650 C
413 574 449 652 A
477 569 506 648 P
535 565 573 677 U
599 565 640 647 T
694 566 911 646 XXXVIII:
952 560 1120 642 llantur
1144 554 1182 638 8.

189 811 317 900 2792.
335 782 498 888 nimii?
518 785 594 975 H
612 784 774 893 speculis,
795 783 844 896 pl.
867 805 956 862 com
974 776 1089 887 praef.
1108 781 1163 874 2,
1192 805 1215 856 a
1231 768 1345 874 fidili

591 953 600 973 .
620 893 902 976 intrumentum
915 888 1079 984 videndi,
1094 891 1293 998 speculum.
1307 883 1352 968 A

238 1003 489 1114 leading-glast.
528 1010 577 1085 At
594 1007 709 1108 timp
728 1031 780 1084 m.
803 1029 906 1084 verus
925 1003 1123 1083 oculorum
1140 999 1343 1106 adspectus,

236 1122 298 1196 cui
331 1145 385 1197 res
420 1117 492 1226 ipsa
524 1111 738 1219 subjicituta
770 1114 873 1204 visio,
904 1111 941 1191 id
961 1111 1062 1215 quod
1083 1137 1145 1218 per
1164 1109 1343 1190 vitorem

120 1319 125 1328 ,
235 1227 539 1334 conspiciendum
559 1227 768 1307 exhibetur.
810 1221 991 1339 Auifion.
1038 1219 1237 1326 (Videatur
1255 1217 1347 1302 sole·

236 1338 368 1417 cisrnus
400 1345 544 1446 generis
574 1365 597 1416 a
629 1335 772 1443 syntaxi
806 1335 895 1414 cod.
929 1336 1046 1414 Hebr.
1083 1329 1250 1438 depulsus
1281 1355 1347 1438 per

120 1471 124 1478 ’
237 1450 394 1528 Doc‘liss.
419 1449 645 1528 Michaelem
667 1455 859 1553 patrem,§
888 1443 968 1552 rr.)
1000 1449 1032 1526 A
1055 1446 1140 1540 ⁸7⁸3]
1159 1440 1252 1522 vidit
1272 1439 1346 1544 (k).

184 1546 490 1668 2793.·5lllssii[l
516 1559 755 1666 Agminatim
781 1576 920 1649 euntes,
953 1551 1213 1650 ministrantes,
1244 1553 1345 1658 pl.f.

190 1765 205 1778 ρ
235 1697 330 1749 am.
353 1665 453 1758 ⁸353
483 1673 528 1776 pl.
559 1663 716 1766 D'diliil
743 1669 955 1758 militantes,
988 1682 1081 1777 part.
1113 1662 1228 1772 praei.
1258 1647 1346 1762 ⁸33

240 1783 411 1873 militare,
435 1781 500 1858 inf.
529 1777 635 1876 ³⁸33
652 1780 842 1857 turmatim
861 1795 1115 1864 convenerunt
1133 1773 1189 1852 ad'
1200 1775 1344 1855 cultum

238 1889 394 1983 sacrum,
418 1917 437 1996 3
456 1894 504 1996 pl.
522 1906 639 1994 praet.
658 1889 787 1990 iiiiii!
800 1903 837 1968 et
856 1889 1073 1980 militarunt,
1099 1913 1120 1986 3
1137 1884 1185 1991 pl.
1206 1911 1258 1962 m.
1272 1884 1343 1972 fut.
1442 1956 1445 1963 .

244 2027 261 2084 1
285 2001 339 2109 sp.
396 2005 430 2080 A
451 1999 537 2094 lili
555 2005 657 2098 Lyn
675 1991 827 2078 emicuit
847 2015 886 2078 ut
905 1995 1022 2091 stella,
1048 1989 1179 2090 exivit,
1211 1995 1344 2076 micuit

236 2113 274 2190 in
295 2115 417 2192 aciem
435 2110 626 2201 exercitus,
657 2111 847 2190 turmatim
868 2111 1056 2204 convenit,
1087 2105 1203 2217 idque
1220 2107 1277 2186 vel
1292 2103 1343 2186 ad

237 2221 485 2312 militandum,
515 2223 574 2299 vel
593 2217 641 2298 ad
662 2217 950 2300 ministrandum
975 2219 1071 2315 Deo,
1101 2217 1176 2298 five
1194 2213 1243 2297 ad
1263 2219 1347 2299 cul·

237 2354 316 2413 tum
337 2333 494 2414 sacrum.
539 2329 593 2411 To
610 2323 832 2442 affemblesor
848 2329 1013 2472 morslip,
1029 2329 1096 2440 sor
1114 2353 1341 2521 war.2794-·
1435 2405 1439 2410 .

179 2573 244 2664 'ium
259 2591 399 2658 quantum
414 2569 483 2658 ipsu
499 2569 612 2637 alendis
624 2567 794 2654 requiritur,
809 2569 893 2636 Nah.
910 2567 945 2646 ii,
958 2590 990 2654 3.
1018 2567 1082 2652 Sic,
1101 2572 1124 2611 ‘⁸
1139 2565 1180 2634 Et
1194 2562 1348 2632 invenerit

181 2663 208 2732 ‘.‘
230 2655 351 2732 tribua
367 2659 603 2731 ’‘ln-secuudum
614 2654 801 2744 exigentiam
815 2655 1033 2742 redemptionis
1063 2657 1140 2732 'uel’
1154 2655 1175 2720 a
1187 2675 1216 2728 e.
1227 2667 1347 2718 tanturn

178 2760 321 2825 quantum
344 2743 493 2849 praetium
508 2741 801 2842 redemptiopisejus
813 2741 924 2830 exigit,
946 2759 1035 2827 etqu
1101 2738 1222 2828 recipit,
1246 2734 1354 2802 terit..

176 2819 1344 3006 illinitilittrtstlillltrtll‘siltrttlliilli’l?

178 2999 310 3080 probitas
325 3000 387 3080 eiua
408 3001 542 3086 recipere
564 2998 653 3083 debet
676 3019 711 3064 ac
732 3015 933 3086 promeretur,
952 3017 1039 3084 atque
1054 2999 1129 3063 adeo
1145 2995 1265 3079 exigrt:
1287 2990 1345 3076 Est,
1409 3031 1413 3040 ·

178 3086 262 3236 euiup
278 3083 447 3186 exigentia,
468 3085 562 3151 veluti
574 3086 719 3170 quaedam
736 3086 894 3168 capacitas,
914 3084 1058 3172 adquam
1074 3079 1169 3170 aptari
1183 3075 1294 3145 debeat
1309 3076 1343 3142 id

201 3191 241 3235 uo
276 3191 290 3233 r
330 3190 443 3235 urrrtur.
585 3175 588 3191 '
836 3191 840 3200 ·
1389 3169 1394 3190 ⁸

179 3191 200 3255 q
220 3258 263 3340 (i)
286 3191 360 3320 liris
373 3257 456 3321 enim
473 3254 559 3321 Deua
573 3267 713 3341 apparere
726 3254 758 3321 irr
779 3256 896 3332 filiam
917 3253 1054 3340 (Marah)
1075 3253 1197 3328 dicitur,
1220 3269 1281 3316 nou
1297 3247 1343 3314 ita

180 3341 271 3416 Most,
293 3342 343 3414 led
358 3342 388 3405 in
412 3345 528 3428 'tim
547 3341 687 3430 (March)
708 3338 830 3424 absurde
845 3339 931 3421 vero,
954 3361 989 3406 ac
1011 3340 1096 3406 nullo
1116 3335 1297 3414 discrimine,
1319 3335 1344 3402 st

181 3441 339 3508 utrumque
354 3425 545 3511 vocabulum,
570 3447 630 3492 non
655 3429 758 3510 ltabito
779 3426 899 3512 generis
919 3423 1062 3512 respodiu,
1085 3422 1231 3490 visionem
1247 3421 1342 3485 inter·

180 3529 343 3594 pretamut·
376 3511 428 3575 Est
444 3529 543 3586 autem
558 3515 691 3598 tritam,
715 3509 923 3586 masculinum,
947 3533 1032 3576 verua
1045 3513 1204 3575 oculorum
1223 3506 1341 3596 adspec-
1431 3589 1434 3596 ι

181 3613 239 3676 tus,
262 3595 309 3661 cui
325 3617 372 3660 rea
385 3593 445 3681 ipla
462 3595 633 3679 subjicitur:
658 3603 696 3662 At
712 3601 847 3680 fimi),
870 3597 995 3663 foemin.
1019 3595 1113 3660 hicat
1136 3617 1172 3658 ue
1189 3593 1258 3658 alibi
1275 3593 1341 3678 spe-

178 3683 240 3748 culi
255 3703 377 3748 nomen.
412 3683 494 3745 llaec
509 3702 584 3768 ergo
597 3682 758 3748 verborum
775 3679 923 3748 sententia
937 3683 1029 3760 addit,
1044 3615 1152 3763 (Dua.
1168 3679 1342 3763 Michaelis)

180 3774 204 3819 ‘-‘
221 3769 295 3834 aliis
311 3767 461 3853 prophetis
475 3767 573 3832 Deum
592 3785 729 3853 tanquam
744 3769 774 3834 in
792 3769 909 3856 speculo
923 3768 1028 3846 rideri,
1046 3769 1144 3853 aliqua
1158 3766 1220 3850 ejus
1234 3763 1344 3856 imagi·

175 3859 198 3902 1‘
217 3877 263 3933 ue,
276 3874 324 3920 aut
335 3851 556 3929 somniantibus,
570 3869 622 3916 aut
633 3854 753 3932 insanis,
766 3853 825 3934 seu,
843 3871 873 3919 ut
883 3855 1010 3918 Tbeolo
1033 3853 1042 3918 i
1056 3853 1227 3938 loquuntur,
1241 3850 1272 3916 in
1289 3875 1342 3918 ex·

178 3948 203 3984 ‘¹
219 3939 291 4006 tasin
306 3938 407 4026 raptis,
423 3939 524 4002 oblata
536 3961 544 4001 ι
557 3937 631 4003 Νοη
644 3939 685 4004 ita
699 3939 793 4021 Most,
807 3937 855 4004 sed
870 3939 948 4004 lrunc
959 3941 996 4005 de
1009 3873 1087 4004 fietu
1099 3938 1206 4004 mentia
1216 3957 1277 4002 non
1291 3941 1343 4007 de·

9 4098 13 4113 ¹
179 4031 203 4066 “
215 4027 342 4108 jodlurn,
366 4027 505 4109 nulloque
529 4045 586 4089 nec
602 4025 717 4091 l'omuiu
738 4047 796 4090 nec
811 4023 910 4090 furore
926 4025 1106 4112 prophetico
1121 4023 1342 4112 perturbatum,
1464 4025 1468 4044 “

121 4173 123 4179 ,
177 4116 204 4150 “
220 4111 334 4193 placida
354 4129 389 4173 ac
412 4110 571 4194 tranquilla
596 4133 635 4186 ex
657 4111 750 4176 animi
768 4129 862 4196 parte,
885 4130 959 4193 quae
976 4112 1084 4176 mentis
1100 4132 1134 4174 ac
1149 4109 1275 4174 rationis
1288 4109 1348 4191 est,

176 4202 200 4237 “
217 4216 320 4260 veram
335 4195 394 4260 Dei
408 4197 586 4280 imaginem,
596 4197 689 4281 qualia
699 4196 792 4260 videri
808 4196 961 4261 coelicolis
978 4217 1011 4262 ac
1048 4213 1136 4262 uanta
1149 4196 1233 4274 solet,
1246 4195 1343 4260 oculis

178 4287 203 4319 “
221 4281 370 4345 haurire.”
393 4281 449 4346 Hic
462 4283 589 4346 refertur
600 4286 636 4347 ad
649 4303 764 4348 morem
782 4281 944 4365 vetustum,
958 4219 1150 4370 quoipecula
1167 4281 1342 4360 mulierum,

178 4369 329 4452 turiusque
339 4367 460 4454 generis
472 4369 586 4450 omnir,
602 4389 641 4436 ex
657 4388 717 4436 aare
727 4365 826 4455 polito
843 4367 1062 4436 fabricabantur
1075 4396 1085 4450 3
1099 4371 1179 4457 cujus
1194 4367 1236 4433 rei
1251 4369 1343 4432 docu-

1236 4471 1342 4520 maura
