2924 4832
165 260 306 355 aava
398 245 1156 354 nantuato:

174 461 357 579 sumque
381 468 581 552 exhibeat
606 504 615 550 ε
655 473 745 554 Nifi
768 475 881 556 euim
907 476 991 556 tale
1014 476 1233 558 decretum
1258 480 1328 560 cns

173 577 362 702 ligeuter
391 593 660 676 observatum
693 596 836 692 fuerit,
872 599 978 678 nihil
1013 601 1112 678 boni
1146 601 1191 680 iu
1223 629 1328 709 pro-

173 711 401 800 ¹movendis
427 716 573 796 studiis
604 718 814 802 sa'crarum
837 723 1056 804 literarum
1080 721 1327 832 exspeclati²

174 839 279 922 dum
304 839 386 918 est.'

191 993 199 1016 ⁴*
237 963 451 1068 Denique,
486 964 643 1074 Jnvcnes
669 964 978 1072 preparantur,
1016 967 1172 1074 vosque
1202 985 1327 1074 prae*

174 1084 316 1168 sertim
343 1089 600 1166 Academiae
627 1089 962 1192 Edinburgenae
986 1092 1166 1184 alumni,
1200 1093 1326 1170 nobis

168 1195 268 1320 jure
290 1207 496 1304 catillimi,
531 1210 605 1316 qui
635 1210 791 1288 vosmet
821 1211 911 1290 Deo
941 1237 983 1291 et
1009 1214 1215 1318 religioni
1246 1215 1323 1292 ad·

173 1332 521 1438 dixistis,alloqui
537 1334 658 1411 liceat
676 1361 686 1409 z
711 1333 846 1414 Vestri
864 1334 978 1412 euim
998 1335 1323 1424 causa-hancce

172 1453 340 1536 Clavim
377 1453 653 1534 Pentateuchi
687 1458 872 1534 maximo
901 1439 998 1535 cum
1030 1458 1173 1538 labore
1203 1482 1324 1536 corn*
1357 1491 1362 1502 ·

172 1577 413 1689 posuimus,
440 1577 703 1685 propriisque
721 1579 973 1685 sumptibuS,
1001 1607 1088 1660 non
1111 1579 1178 1684 spe
1197 1579 1322 1675 lucri,

54 1743 58 1756 ·
173 1699 246 1785 sed
270 1727 327 1780 ex
350 1701 510 1780 sincero
533 1701 575 1779 iu
601 1701 739 1778 literas
759 1703 889 1779 sacras
914 1729 1072 1796 amore,
1098 1703 1324 1808 studioque

98 1913 103 1924 ⁸
174 1833 320 1906 ‘veram
341 1845 588 1931 certamque
606 1823 778 1930 liuguae
792 1827 1008 1904 Hebraeae
1023 1825 1319 1933 cognitionem

174 1947 464 2056 propagandi,
513 1949 745 2026 secundum
785 1947 975 2025 indolem
1016 1968 1107 2027 tum
1146 1948 1324 2052 linguae

175 2065 397 2153 Hebraeae
419 2094 458 2153 et
483 2092 743 2147 caeterarum
770 2070 1012 2176 linguarum
1031 2069 1323 2165 orientalium,

176 2193 393 2270 edendam
416 2191 673 2269 curavimus.
722 2193 893 2296 Qtanta
917 2197 962 2271 su
987 2192 1161 2284 utilitas,
1186 2218 1324 2297 quan·-

176 2337 309 2420 taque
345 2311 555 2392 necellitas
591 2312 777 2417 linguae.
795 2315 1013 2393 Hebraeae
1051 2316 1319 2410 ediscendae,

171 2439 265 2552 jam
296 2435 585 2544 perspexistis:
618 2437 926 2540 Quantumque
950 2436 1001 2540 lit
1033 2437 1138 2516 illu'd
1164 2463 1323 2518 nomen

177 2563 297 2668 quod
322 2561 533 2650 ambiatis,
558 2581 605 2638 ut
625 2557 866 2636 coelestium
886 2559 1155 2638 oraculorum
1179 2559 1326 2636 dot'io·

176 2709 260 2777 res,
293 2706 421 2788 atque
445 2681 628 2760 sincerae
651 2681 870 2786 religionis
894 2706 935 2759 et
961 2682 1128 2786 pietatis
1151 2682 1323 2760 ssatoret
1396 2709 1400 2718 ’

178 2809 270 2888 veri
297 2805 508 2916 etidonei
533 2828 874 2911 propugnatores
897 2801 1021 2898 fiatis,
1058 2805 1153 2884 litis
1181 2799 1319 2884 uoltis.

243 2927 489 3008 Dolendum
520 2925 574 3005 cst
603 2926 799 3020 onmino,
833 2927 1016 3034 juvenes
1051 2925 1321 3022 Dileuiffimi,

178 3053 298 3159 quod
330 3053 433 3130 clum
466 3049 556 3130 aliis
586 3049 716 3128 literis
745 3048 967 3157 tantopere
995 3051 1242 3156 invigilatiS,
1277 3050 1323 3128 in

176 3175 461 3254 orientalibus
494 3173 715 3282 patiamini
749 3171 868 3250 vobis
898 3171 1133 3252 socordiam
1167 3199 1322 3276 expro-

142 3343 145 3350 ·
177 3296 309 3392 brari,
344 3297 429 3378 fine
452 3323 634 3404 quarum
659 3296 831 3401 aliquali
856 3295 995 3374 l'altem
1023 3294 1323 3400 peritiiuemo

176 3449 371 3528 unquam
396 3423 439 3504 in
461 3417 674 3522 theologii
698 3417 793 3498 vere
817 3443 997 3522 irruguus
1020 3417 1161 3508 evasit,
1189 3417 1322 3494 immo

126 3553 131 3562 '
175 3569 402 3649 nunquam
426 3543 623 3622 erasinus
645 3539 700 3618 eil
726 3571 735 3618 ε
772 3543 880 3620 Cum
905 3540 1019 3620 enim
1043 3537 1183 3618 omnis
1205 3538 1326 3616 theo«

176 3663 317 3770 loglae
332 3667 525 3770 cognitio
544 3665 585 3742 in
607 3661 686 3742 hoc
702 3663 878 3740 cardine
897 3664 1097 3754 versetur,
1122 3683 1168 3738 ut
1186 3659 1324 3740 sacrae

63 3855 66 3860 .
177 3787 412 3893 scripturae
447 3777 592 3864 verum
628 3783 789 3862 sensum
824 3811 972 3862 eruere
997 3779 1186 3888 polsnis3
1228 3780 1321 3862 fieri

178 3923 321 3996 autem
348 3929 547 4013 nequeat,
581 3929 630 3984 nt
652 3905 865 3984 latrorum
890 3905 1109 3983 auilorum
1134 3908 1323 3988 mentem

164 4031 442 4140 ,exploratam
479 4029 682 4119 habeant,
718 4026 794 4104 nisi
825 4027 1011 4132 aliquam
1048 4028 1137 4136 ejus
1167 4023 1250 4132 qui
1279 4025 1322 4110 lii

177 4149 430 4259 scripserunt
455 4151 628 4257 liuguae
651 4151 944 4255 cognitionem
969 4148 1261 4255 adipiscamini
1277 4145 1319 4234 *-

250 4297 257 4312 ·
1080 4265 1322 4354 Difficultas

219 4412 237 4450 *
265 4413 288 4446 “
309 4407 429 4469 Pudeat
444 4411 551 4488 ltaque
565 4403 635 4493 trin,¹
659 4403 721 4486 (ait
735 4399 853 4469 doetus.
871 4405 1021 4487 Oclrley),
1039 4405 1139 4489 qnod,¹
1159 4403 1233 4467 durii
1250 4401 1326 4466 aliia

177 4495 203 4576 n
221 4491 334 4561 literas
356 4498 448 4558 tauto
469 4491 590 4606 ardore¹
605 4479 834 4578 prosequatur,
862 4489 1024 4557 Hebraeas
1048 4487 1109 4558 situ
1132 4487 1326 4642 etufqfflg
1447 4567 1456 4806 q

72 4654 128 4666 Α
