2924 4832
159 237 189 348 74
443 231 504 318 De
534 237 768 342 Antiquitate
797 259 832 320 et
863 239 1039 321 Utilitate

227 443 391 524 Horum
416 427 730 548 antesignanus,
765 443 841 549 qu'i
864 444 1144 524 dialesiorum
1168 447 1312 527 orien-

165 565 333 658 talium,
358 587 400 640 et
431 567 656 668 praecipue
682 551 900 660 Arabicae,
928 569 1125 646 notitiam
1150 570 1193 646 in
1219 571 1313 647 Bri-

164 685 315 768 tannis
338 683 478 800 '¹⁰stsls
497 687 693 765 inutilem
724 691 1027 794 pronunciant,
1064 687 1142 768 suit
1175 688 1315 798 claris·

166 809 295 893 fimus
313 807 662 902 Hutthinl'onlus,
690 813 859 918 vestigia
882 807 1030 892 clariss.
1050 810 1223 891 Gulletii
1248 812 1312 892 uti

166 935 341 1013 videtur
365 957 577 1036 premens,
609 935 698 1038 qui,
727 933 887 1014 etiamst
910 935 1082 1042 linguae
1107 939 1312 1014 Arabicae

165 1051 295 1163 plane
327 1054 462 1147 rudis,
498 1055 772 1134 inutilitatem
810 1059 914 1169 ejus,
952 1058 1198 1163 nullamque
1221 1056 1312 1136 alli-

48 1225 58 1242 ·
166 1177 346 1258 nitatem
368 1175 608 1256 interillam
625 1200 664 1255 et
681 1181 915 1258 Hebraeam
938 1177 1144 1271 interdie,
1172 1179 1312 1286 pallini

168 1291 214 1418 in
250 1301 452 1405 operibus
484 1298 563 1377 litis
599 1301 897 1408 pronuntiavit
921 1297 995 1412 (b),
1036 1298 1199 1409 sibique
1229 1303 1324 1380 cla·.

1229 1453 1316 1504 vnn
1413 1485 1415 1488 -

169 1579 257 1628 runt.
292 1579 349 1638 4η,
373 1569 432 1626 Per
446 1567 636 1626 recentiores
651 1567 888 1647 lexicographos
903 1577 937 1626 et
952 1579 1223 1638 commentatores,
1241 1585 1315 1644 qua·

170 1662 274 1719 tenus,
297 1663 363 1705 turn
383 1648 503 1724 jndicio
526 1665 591 1706 tum
609 1648 708 1706 studio
724 1647 903 1728 intensiore,
926 1665 964 1702 ex
980 1646 1043 1702 illis
1058 1645 1200 1706 fontibus
1216 1647 1317 1705 multa

170 1729 406 1790 illrdlrnverint.
443 1743 499 1803 sto,
523 1733 580 1788 Per
595 1729 756 1802 dialesros,
774 1749 852 1806 quae
868 1749 906 1786 ex
920 1725 1024 1784 eidem
1042 1728 1230 1808 scaturigine
1247 1747 1317 1786 cum

100 1811 105 1832 '
170 1811 323 1880 Hebraica
339 1813 467 1884 fluxere,
494 1812 554 1869 viz.
582 1812 792 1883 Chaldaicam,
816 1809 984 1888 Syriacam,
1005 1823 1038 1866 et
1055 1809 1224 1886 praecipue
1239 1815 1316 1868 Ara·

169 1887 283 1966 hiram,
305 1911 472 1971 earumque
488 1893 674 1976 propagines
696 1889 922 1952 samaritanam
940 1903 972 1950 et
988 1889 1208 1968 AEthiopicam.
1264 1933 1268 1940 .

212 1973 303 2056 Quod
320 1974 360 2032 ad
377 1973 526 2034 versroncs
542 1977 671 2049 attinet,
694 1973 804 2034 modus
819 1969 977 2032 habendus
997 1973 1046 2029 vel
1062 1972 1192 2030 nimium
1210 1973 1249 2030 iis
1265 1971 1317 2030 de·

170 2055 316 2128 ferendo,
338 2057 385 2114 vel
403 2057 532 2114 nimium
552 2055 759 2114 detrahendo.
802 2053 970 2115 Dotstillimi
988 2053 1143 2132 Theologi
1163 2065 1195 2110 et
1212 2053 1315 2112 Philo·

170 2141 237 2218 logi
253 2139 338 2196 lirum
355 2139 458 2210 locum
473 2138 512 2194 iis
529 2139 645 2214 semper
663 2137 811 2210 tribucre,
834 2133 951 2195 etiamsi
972 2135 1005 2192 in
1021 2133 1116 2192 rerba
1131 2154 1236 2192 cartrm
1254 2153 1318 2192 non

166 2217 325 2298 juriiunt.
367 2215 540 2290 versiones,
563 2217 753 2294 antiquitate
772 2217 897 2290 summi,
919 2215 1150 2275 venerationem
1167 2215 1320 2288 omniurn,

171 2321 207 2360 ac
234 2299 279 2356 sni
305 2297 527 2371 reverentiam,
554 2301 666 2356 merito
691 2299 891 2365 conciliant3
921 2317 1050 2376 quarum
1078 2299 1229 2368 austeres,
1258 2317 1320 2374 quo

171 2373 301 2462 propiis
319 2377 486 2437 adfuerint
502 2379 673 2438 Hebraismi
696 2380 836 2438 florentis
860 2380 968 2443 aetati,
992 2379 1050 2456 qui
1065 2375 1319 2456 resjudaeormn
1352 2403 1356 2412 ·

170 2461 313 2523 nondum
326 2458 482 2539 oppressae
499 2461 721 2532 etcxllinstae‚
743 2483 779 2519 eo
795 2461 940 2522 uberiore
957 2461 1084 2540 linguae
1100 2461 1221 2518 satione
1237 2459 1322 2516 noti·

173 2545 217 2604 tii
241 2541 413 2615 abundull'e,
429 2545 501 2620 jure
517 2544 637 2622 optimo
654 2542 739 2600 credi
754 2543 844 2620 poll¹t
862 2566 870 2599 τ
895 2541 952 2601 bed
970 2543 1008 2600 ab
1024 2535 1218 2599 emendando
1235 2543 1321 2598 sarm

168 2639 266 2685 ‘textu
288 2645 326 2682 ex
347 2625 429 2681 hisce
445 2623 641 2696 versionibus,
663 2627 828 2702 praecipue
852 2622 914 2682 fine
939 2627 1000 2682 MS.
1024 2621 1106 2679 certi
1129 2641 1164 2677 nc
1186 2621 1321 2697 repetiti

172 2706 376 2779 austeritate,
400 2708 527 2765 omnino
544 2705 757 2766 abstinendmu
775 2706 830 2766 cst.
870 2703 1031 2764 Versrones
1052 2703 1145 2760 etiam
1165 2703 1319 2760 recentio-

172 2807 236 2860 res,
260 2787 293 2846 in
314 2787 404 2846 hicce
425 2787 531 2869 lingui.
551 2787 743 2858 illustrandi,
765 2788 864 2847 locum
882 2789 968 2846 suum
985 2787 1098 2844 habere
1114 2783 1249 2843 libenter
1265 2806 1319 2864 ag-

172 2869 336 2932 noscimus.
375 2869 509 2928 Mnltum
527 2871 620 2928 etiam
638 2869 715 2927 lucis
731 2889 788 2946 per
806 2869 971 2940 Rabbinos,
990 2867 1158 2944 plurimum
1177 2886 1248 2923 vero
1264 2884 1321 2943 per

172 2951 311 3014 sedulam
328 2965 362 3008 et
377 2947 560 3030 diligentem
578 2953 717 3010 locorum
734 2952 945 3023 collationem,
966 2949 1044 3006 benc
1063 2962 1096 3005 et
1116 2946 1176 3004 rite
1195 2947 1318 3006 institu-

174 3049 253 3105 tam,
275 3031 469 3110 suppeditari
485 3031 566 3111 poll'e
589 3034 736 3092 fatemur.
778 3033 835 3092 Sed
856 3051 926 3088 non
942 3049 1033 3087 omne
1054 3029 1134 3087 illud
1155 3029 1260 3088 lumen
1283 3051 1322 3087 ex

172 3115 343 3174 collatione
369 3114 506 3172 locorum
532 3115 654 3176 hauriri
679 3115 791 3191 potest,
818 3111 898 3192 quod
921 3111 961 3170 ad
982 3112 1136 3170 sacrarum
1155 3110 1321 3170 literarum

170 3195 391 3277 perfestiorem
418 3197 565 3256 notitiam
591 3197 796 3274 requiratur:
831 3198 923 3266 Nam,
951 3213 1019 3250 cum
1045 3195 1154 3272 lingna
1179 3187 1322 3266 Helnaea

173 3279 238 3338 illis
266 3281 386 3336 tantum
414 3278 548 3357 angustis
575 3278 719 3336 cancellis
747 3277 870 3334 Veteris
892 3275 1082 3333 Tellamenti
1109 3275 1320 3348 contineatur,

171 3359 355 3439 impoffibile
370 3358 423 3434 est,
446 3375 481 3419 nt
496 3363 588 3438 hujus
604 3361 729 3436 linguae
750 3373 814 3416 tam
831 3356 941 3434 justam
963 3358 1084 3434 copiam
1102 3355 1216 3414 habere
1232 3355 1319 3433 polli-

171 3465 252 3516 1nus‚
275 3463 365 3522 quam
390 3463 457 3500 cum
479 3443 549 3500 vira
570 3439 784 3517 etlvernacnla
800 3438 884 3510 ell'ct,
906 3451 961 3496 aut
976 3437 998 3496 st
1014 3453 1064 3498 tot
1079 3437 1152 3496 libri
1169 3437 1257 3495 nobis
1273 3439 1320 3496 su·

172 3525 317 3604 perstites
334 3522 429 3581 cllent
444 3539 520 3602 quot
535 3523 568 3580 in
585 3521 691 3600 lingui:
706 3522 827 3578 Graeca
842 3535 875 3577 et
891 3521 1013 3580 Latini.
1055 3527 1098 3580 Ex
1114 3519 1206 3578 haece
1222 3520 1322 3599 igitur

171 3605 293 3681 inopia,
321 3603 439 3662 multae
460 3623 548 3662 voces
574 3617 607 3662 et
632 3602 756 3679 phrases
780 3602 924 3660 obscurae
949 3617 982 3661 et
1009 3602 1148 3662 dilliciles
1173 3607 1232 3660 una
1254 3603 1321 3660 vice

173 3701 295 3745 tantem
317 3700 497 3758 occurrunt,
525 3705 603 3763 qnae
625 3703 684 3759 ope
705 3683 912 3742 dialetiornm
933 3685 994 3742 suli
1015 3683 1165 3744 illustrari
1187 3680 1320 3760 poliunt.

91 3757 97 3780 '
173 3769 246 3828 Non
263 3766 363 3838 iqitur
379 3773 508 3838 temere,
526 3789 594 3824 cum
611 3764 781 3824 destillinro
799 3766 920 3838 Bohlio,
938 3767 1100 3826 clarissimo
1116 3763 1266 3836 Gulletio,
1288 3778 1322 3822 et
1347 3781 1350 3790 ·

171 3817 290 3914 dosrils.
309 3847 547 3922 llutchinl'onio,
570 3847 609 3906 ad
631 3847 754 3924 proprii
770 3847 889 3928 ingenii
905 3837 1058 3907 officinam
1075 3843 1294 3906 recurrendum
1311 3871 1319 3912 ς

153 3950 272 4008 ,neque
289 3929 328 3986 ad
346 3927 575 3989 alliterationes
597 3949 663 3988 eum
683 3929 806 3987 Follero
823 3943 855 3987 et
871 3931 1039 4004 Areuan'o,
1061 3945 1160 4004 neque
1182 3924 1222 3982 ad
1244 3924 1320 3984 lexi-

170 4032 278 4071 corum
305 4029 427 4068 caecam
455 4013 642 4094 congeriem,
669 4029 779 4070 contra
804 4033 872 4072 cum
899 4012 1026 4090 linguae
1049 4005 1225 4086 analogiam
1252 4019 1321 4068 tum

171 4094 377 4152 dialet‘tormn
397 4095 628 4167 austeritatem,
652 4091 830 4152 adetmdnm
846 4093 898 4152 est.

156 4224 159 4230 ι
215 4192 260 4276 (b)
289 4197 474 4257 Clarisfimus
491 4197 657 4272 Gulletins,
679 4199 808 4279 vestigia
825 4191 943 4257 doctiss.
963 4195 1066 4253 Bohlii
1085 4213 1239 4272 premens,
1262 4192 1324 4254 lin·

175 4297 264 4334 otram
286 4280 459 4339 hebraeam
477 4281 537 4340 suis
553 4283 656 4342 lutere
672 4283 781 4353 radiiS,
807 4279 982 4352 nulliusque
999 4277 1078 4335 alius
1093 4277 1220 4340 llllaltae
1237 4278 1324 4335 anxi·

172 4329 225 4420 liis
245 4357 400 4442 indigere,
425 4361 550 4438 docens,
579 4365 725 4424 vexillum
749 4363 849 4421 erexit
869 4357 1004 4436 ingeniis
1024 4343 1257 4434 philosophicis,
1285 4355 1325 4416 ad

168 4443 313 4524 linguam
340 4443 517 4509 Hebraeam
541 4446 596 4508 sub
620 4443 844 4526 metaphyfices
869 4439 1036 4522 imperium
1067 4437 1322 4600 subjunggpglssspe,

1149 4563 1163 4598 ,
1316 4594 1321 4602 ⁸
1389 4573 1394 4581 .
