2924 4832
309 193 1057 356 tabutata.
1178 233 1269 334 xvn

118 445 262 530 venda
289 443 593 552 prophetarunt
618 443 791 524 oracula
813 444 1150 530 adducerentur,
1187 439 1259 520 ho·

123 595 306 674 rumque
324 567 502 646 diuinus
521 568 728 674 paulatim
748 563 1022 646 assuescerent
1037 560 1077 641 *.
1129 564 1260 667 Qud,

118 691 238 798 quod
269 689 399 768 talem
433 689 587 782 stilum,
621 707 747 796 quern
771 714 812 769 et
836 687 1018 770 Hebraei
1042 711 1083 764 et
1109 683 1265 791 Graeci

120 805 283 893 sacilitis
307 809 611 917 intelligerent,
647 810 966 917 promovendae
1001 807 1189 888 veritatis
1221 829 1266 890 et

121 935 333 1040 evangelii
357 933 465 1012 ratio
488 957 579 1014 turn
604 933 837 1040 pullulabat
862 935 874 1009 l
919 932 1045 1025 Nam,
1080 954 1127 1010 ut
1155 930 1267 1012 resld

115 1058 286 1167 judicat
307 1054 605 1143 eruditislunus.
626 1053 821 1136 Heinsius
850 1055 895 1134 in
919 1052 1128 1140 Exercitat.
1157 1055 1263 1136 Sacr.

3 1263 4 1268 Ν
122 1179 177 1260 ad
202 1180 260 1256 N.
282 1179 336 1258 T.
370 1177 457 1258 Lib.
483 1179 557 1258 lll.
593 1205 626 1256 c.
652 1203 723 1286 tp.
761 1193 788 1225 ‘⁴
824 1176 1044 1285 Stupenda
1068 1175 1145 1256 Dei
1170 1205 1267 1283 pro-

126 1312 158 1350 “
193 1299 383 1380 videntia
406 1297 551 1406 lingui
574 1301 635 1378 uti
659 1298 792 1380 voluit
815 1297 1035 1407 peculiari,
1071 1325 1200 1404 quam
1223 1322 1268 1389 et

127 1433 159 1473 ‘⁸
192 1421 346 1502 Graeci
368 1422 674 1528 intelligerent,
711 1422 785 1529 qui
821 1448 945 1501 voces
978 1421 1171 1527 proprias
1192 1449 1267 1528 ag-

3 1627 5 1640 ,
124 1556 155 1595 “
190 1545 444 1634 noscerent;
477 1543 703 1624 orientales
722 1567 879 1634 autem,
906 1567 1080 1651 propter
1100 1540 1269 1648 phrases

126 1679 156 1718 “
187 1694 236 1749 ac
257 1666 493 1746 idiotismus
519 1666 625 1757 suos,
660 1663 781 1744 facile
804 1658 1119 1746 addileerent.'’
1185 1669 1268 1746 De-

126 1792 272 1896 nique,
305 1814 405 1868 cum
430 1787 639 1894 evangelii
662 1787 917 1881 doslrinatn,
951 1771 1155 1870 Hebraeis⁸
1177 1787 1271 1868 lite·

125 1914 181 1994 ris
202 1911 439 2019 proditam,
476 1908 643 1990 Graeco
661 1909 851 1990 sermone
875 1937 1156 2016 exponerent,
1187 1911 1272 1991 rni-

6 2103 7 2107 .
124 2033 314 2118 randum
353 2032 550 2126 nonest,
588 2031 705 2112 hunc
741 2029 993 2140 saepiuscule
1031 2034 1274 2116 Hebraeam

124 2153 300 2269 phrastn
325 2153 532 2233 redolere.
568 2156 667 2236 Vid.
686 2155 820 2236 Periz.
847 2183 889 2263 p.
909 2182 1010 2264 239.
1031 2157 1105 2243 ubi
1128 2155 1271 2263 supra.

192 2275 260 2359 Ad
300 2275 568 2382 antiquitatis
603 2301 745 2358 autem
785 2278 1015 2358 Hebraicae
1053 2280 1273 2376 notitiam,
1354 2319 1355 2324 Ν

115 2398 367 2508 ‚requiritur
409 2417 509 2478 ante
545 2400 692 2480 omnia
733 2419 929 2480 accurata
972 2399 1145 2505 linguae
1189 2401 1274 2480 He-

127 2524 283 2604 braeae
308 2519 473 2626 peritia,
508 2547 616 2627 quae
639 2523 777 2629 digito
801 2523 944 2602 iudice
967 2521 1126 2630 saepius
1150 2549 1275 2603 mon·-

125 2647 230 2728 strat
262 2641 558 2752 antiquitates,
599 2672 704 2751 quas
737 2645 781 2723 in
816 2643 1080 2725 verfionibus
1114 2644 1277 2728 codicis

8 2800 13 2809 ·
128 2767 235 2850 sacri
258 2767 387 2846 nemo
404 2764 624 2875 observat:
658 2766 812 2848 Peritilt
828 2767 942 2846 enim
966 2765 1090 2877 hujus
1112 2789 1177 2847 tot
1200 2795 1278 2848 an·-

127 2890 245 2998 tiqui
277 2889 385 2968 ritus
421 2910 647 2982 eruuntur,
687 2911 751 2967 tot
784 2889 896 2980 diua
932 2889 1169 2986 solvuntur,
1210 2909 1278 2972 tot

128 3010 408 3093 difficultates
426 3008 689 3106 enodantur,
714 3033 834 3091 tanta
856 3011 1107 3118 scripturam
1132 3013 1280 3120 legen·
1384 3115 1389 3124 Ι

126 3135 248 3214 tibus
270 3133 347 3211 lux
367 3131 516 3236 lingui
538 3130 613 3210 hac
636 3134 901 3228 accenditur,
935 3156 1012 3228 ut,
1035 3139 1191 3240 absque
1212 3131 1280 3233 ed,

127 3255 239 3336 nodi
259 3255 515 3362 plerumque
538 3279 626 3332 non
649 3254 880 3349 solvantur,
906 3255 975 3334 sed
1000 3255 1280 3369 scindantur:

126 3379 263 3485 Cujus
286 3377 347 3457 rei
369 3376 542 3481 vestigia
562 3377 607 3457 in
623 3379 817 3485 patribus
834 3377 1013 3458 ecclestae
1030 3378 1277 3486 primitiva,

680 3501 715 3580 C
1109 3524 1283 3583 caetera

166 3685 190 3724 θ
215 3685 242 3719 “
261 3685 308 3741 Ut
324 3651 520 3742 Hebraismos
534 3683 755 3762 permiscerent
778 3681 897 3764 (inquit
907 3642 1004 3757 Beza,¹
1016 3683 1050 3743 in
1066 3697 1129 3762 cap.
1142 3701 1173 3744 x.
1190 3682 1282 3763 Aet.)

129 3767 156 3800 “
174 3784 241 3824 uon
258 3758 354 3823 modo
369 3767 447 3822 haec
462 3765 552 3823 causa
566 3765 641 3838 sirit,
658 3765 731 3843 quia
742 3761 878 3824 Hebraei
890 3779 993 3838 erant,
1019 3763 1181 3846 (potuiss'et
1195 3767 1285 3826 enirn

127 3849 154 3884 “
174 3845 315 3924 spiritus
330 3847 460 3905 Sanctus
477 3847 536 3904 hoc
552 3845 699 3926 quicquid
714 3857 784 3904 erat
798 3846 832 3904 in
847 3844 917 3984 {Ipsa
932 3846 1109 3920 emendare,
1130 3845 1153 3904 fi
1174 3846 1285 3926 displi-

126 3931 152 3964 “
174 3923 317 4006 coisset),
339 3925 393 3986 sed
407 3927 491 4004 quia,
513 3947 583 3986 curu
598 3925 638 3985 de
652 3927 691 3986 iis
706 3926 797 3986 rebus
813 3926 846 3986 di
887 3941 1006 4000 retent,
1023 3947 1101 4008 quae
1119 3927 1286 3988 Hebraicis

127 4011 153 4043 “
171 4008 280 4066 litteris
296 4021 390 4080 erant
400 4007 549 4080 traditae,
566 4007 680 4068 necesse
696 4007 760 4068 fuit
776 4010 877 4068 multa
888 4009 1038 4084 retinere,
1053 4011 1094 4068 ne
1106 4000 1301 4072 dothinm'

127 4089 157 4124 “
177 4088 357 4167 quampiam
376 4107 489 4148 novam
513 4088 639 4149 adferre
664 4090 860 4149 viderentur.
888 4093 941 4152 .Et
967 4091 1050 4149 certe
1075 4101 1141 4150 tun
1167 4093 1286 4154 multos
1405 4091 1411 4110 ⁸

129 4172 153 4204 ‘⁸
175 4169 375 4229 Hebraismos
391 4169 509 4229 abillis
525 4171 660 4230 servatos
675 4169 763 4231 fitisl'e
777 4169 906 4232 minime
921 4172 1033 4246 miror,
1044 4189 1124 4230 cum
1140 4172 1288 4252 plerique
1365 4221 1370 4230 .

133 4249 158 4284 “
176 4247 237 4309 smt
251 4251 416 4330 ejusmodi,
433 4265 470 4309 ut
480 4253 569 4312 uullo
585 4252 649 4322 alio
660 4252 813 4312 idiomate
829 4267 896 4312 tarn
911 4253 1049 4312 feliciter
1064 4253 1199 4334 exprimi
1215 4255 1287 4333 pos·

131 4331 162 4362 “
179 4327 249 4403 lint,
263 4333 360 4392 immo
374 4332 536 4392 interdum
553 4334 590 4394 ιιὲ
606 4335 741 4413 exprimi
757 4333 882 4414 quidem
895 4361 902 4401 ;
923 4348 962 4392 ut
976 4331 1033 4394 nisi
1048 4335 1119 4393 illas
1135 4333 1289 4394 formulas

3 4467 4 4472 ,
34 4452 39 4460 -
129 4413 159 4447 “
181 4409 385 4488 retinuissent,
414 4433 497 4473 nora
521 4416 586 4476 illis
612 4414 771 4476 interdum
799 4415 960 4490 vocabula,
986 4429 1021 4475 et
1041 4435 1122 4476 nova
1148 4413 1288 4474 discendi

126 4495 155 4580 [ί
173 4509 305 4578 genera,
324 4495 552 4594 commiscenda
566 4496 700 4579 fuerint,
724 4517 805 4581 quae
827 4517 921 4560 nemo
941 4495 1035 4582 plani
1052 4491 1290 4571 intellexissetss',
