2942 4836
14 3481 17 3490 ,
134 3427 197 3495 stne
214 3431 350 3516 periculo
368 3450 482 3510 rnorttt,
504 3451 571 3495 earn
590 3430 721 3512 potuerit
741 3427 902 3513 adspicere.

141 259 222 385 390
313 258 569 343 eLAvts
628 257 1165 342 PENTATEUCHI.

141 457 265 564 2765.
287 448 397 542 vera.
419 483 482 537 22.
511 447 635 559 ’fimi
656 458 706 537 Et
725 457 918 566 obtegam,
942 463 1151 566 protegam,
1179 483 1193 536 1
1218 453 1313 566 sing.

195 588 310 678 praet.
334 593 351 650 1
372 569 422 677 sp.
481 560 894 664 Andriake-etexit,
926 571 1088 686 obtexit·
1130 567 1182 650 To
1199 596 1314 663 cover,

194 702 229 761 to
280 683 399 759 rotedl.

140 698 388 900 2766iVun.
413 816 477 890 23·
508 782 670 889 mtrem
701 792 751 871 Et
772 791 988 886 removebo,
1025 787 1160 896 tsmg.
1196 806 1312 895 praet.

194 903 262 998 '¹92
282 901 350 998 'llll
368 919 403 980 et
423 902 503 998 ἾῬΖ
524 903 741 996 removebit,
766 929 788 1004 3
811 901 902 1010 sing.
928 899 997 982 sut.
1024 928 1048 1001 5
1066 899 1114 1001 sp.
1133 901 1233 1000 ἾὈῌ
1253 929 1314 980 re-

82 1081 90 1112 ,·
194 1013 325 1102 cedere
338 1013 441 1092 fecit,
461 1013 578 1120 (libii
595 1029 730 1091 etcum
749 1016 777 1080 Π
795 1039 974 1123 paragog.
993 1012 1110 1109 ΠᾏΟΒ
1127 1010 1313 1108 recedam,

79 1221 82 1228 Ι
178 1123 336 1234 'tstng.
365 1122 466 1219 illo:
492 1120 679 1218 recedent,
714 1153 735 1226 3
758 1127 804 1230 pl.
837 1152 887 1204 m.
919 1125 988 1204 sut.
1016 1089 1089 1194 *ab
1107 1149 1311 1216 removere,

194 1235 262 1314 ins.
298 1231 411 1342 rsp.)
441 1235 524 1318 'lDi’
550 1239 814 1328 removebitur,
849 1234 982 1342 3srng.
1017 1259 1070 1311 nt.
1107 1233 1177 1311 sut.
1212 1233 1310 1341 bsp.

194 1343 583 1430 moturemorusfntt.
627 1347 1063 1461 Aiibsldtemovit·
1104 1342 1314 1446 tidepart.

140 1459 262 1568 2767.
294 1448 392 1554 ’mitt-t,
425 1456 481 1536 Pl.
510 1479 597 1534 curn
621 1453 720 1552 ass}
749 1463 784 1536 irt
815 1459 895 1536 slat.
921 1455 1061 1536 constr.
1096 1447 1210 1554 ’Uilli
1244 1483 1314 1562 pro

194 1561 350 1668 milit}
369 1567 582 1671 posteriores
603 1585 733 1673 parter.
766 1569 839 1648 The
856 1567 937 1647 back
951 1583 1069 1670 parts.
1102 1563 1144 1642 In
1162 1566 1311 1672 oppost-

133 1769 135 1783 ι
192 1681 297 1757 tione
318 1678 420 1756 vocis
448 1677 575 1770 tana,
606 1703 703 1788 quae
723 1680 984 1788 notatsaciem,
1015 1681 1070 1756 vel
1087 1691 1222 1778 partem
1241 1703 1310 1754 an-

193 1794 367 1890 teriorem,
397 1790 443 1882 ab
464 1784 564 1884 ttnp
582 1813 661 1895 pars
681 1789 873 1896 posterior.
925 1791 987 1869 Ab
1007 1791 1092 1885 'tritt
1111 1785 1309 1868 retrorsum

192 1901 380 1994 semovit.
442 1895 533 1977 Vid.
558 1925 662 1977 num.
691 1900 882 2010 1061().
1017 2011 1117 2094 CA
1148 2009 1178 2088 P
1206 2008 1246 2092 U
1273 2014 1310 2086 Τ

183 2140 244 2222 (e)
268 2137 339 2209 Vox
355 2142 456 2218 ‘tttttt
473 2135 631 2221 aliquando
646 2134 794 2225 fignificat
809 2139 994 2211 occidentem,
1017 2133 1039 2203 i.
1055 2163 1082 2204 e.
1107 2133 1309 2219 posteriorem

137 2239 270 2312 partem,
293 2227 371 2309 quod
388 2225 404 2288 a
419 2241 508 2311 tergo
522 2223 636 2307 Judaeae
650 2223 722 2288 litus
737 2225 784 2304 stt,
809 2242 839 2289 ut
856 2223 924 2287 vice
940 2221 1022 2286 versa
1037 2225 1133 2374 mp)
1150 2238 1236 2286 notat
1252 2220 1312 2285 ori·

137 2325 244 2386 aaron,
267 2310 288 2374 i.
306 2333 332 2376 e.
355 2328 470 2397 partem
496 2309 599 2374 mundi
627 2311 809 2390 anteriorem
833 2309 963 2394 respeblu
983 2325 1085 2374 terrae
1113 2307 1226 2382 attilae,
1249 2305 1311 2371 vid.

135 2395 192 2463 lsa.
210 2398 253 2472 ix,
272 2419 319 2463 rr.
343 2398 402 2462 vid.
420 2417 502 2461 num.
520 2395 588 2481 r85.
630 2399 644 2460 1
669 2400 783 2468 terdutn
801 2395 924 2466 sumitur
939 2395 1162 2472 adverbialiter,
1176 2391 1312 2480 expressa
1424 2429 1428 2440 ·

136 2485 186 2550 vel
200 2483 401 2568 subintellecta
417 2479 635 2568 praeposrt'one
647 2418 696 2561 b,
720 2501 750 2546 et
768 2482 899 2547 redditur
915 2501 1011 2556 tetro,
1033 2481 1205 2556 retrorsum,
1230 2496 1259 2544 ut
1278 2476 1310 2546 iu

135 2571 226 2654 hujus
240 2569 443 2656 oppositione,
467 2504 591 2658 :trab
608 2567 773 2644 antrorsnm
790 2571 940 2633 vertitur:
965 2570 1095 2652 Qvando
1111 2565 1255 2654 accipitur
1270 2567 1310 2629 de

137 2675 291 2739 tempore,
315 2655 443 2721 vertitur
459 2654 489 2719 in
511 2655 792 2739 posterum-Cum
810 2675 883 2720 vero
899 2653 1015 2732 Moses,
1039 2653 1139 2720 lumen
1157 2651 1232 2717 illud
1249 2650 1310 2714 sul·

135 2739 328 2828 gidislimum‚
350 2742 381 2806 in
404 2762 463 2826 quo
488 2745 569 2806 Deus
590 2741 616 2805 se
639 2762 692 2827 pet
713 2739 869 2822 transtrum
896 2739 1130 2806 manifestaturus
1147 2757 1224 2814 erat,
1246 2735 1309 2802 stne

136 2825 245 2892 mortis
262 2828 398 2912 periculo
414 2823 526 2891 intueti
543 2849 601 2910 non
617 2827 712 2912 pollrt,
728 2825 758 2908 in
772 2825 865 2892 fissura
880 2827 970 2912 rupis,
985 2826 1102 2910 quaein
1118 2841 1222 2890 monte
1233 2843 1309 2902 erar,

136 2909 215 2978 stare
230 2913 369 3003 debebat,
394 2915 501 2978 dextra
518 2908 577 3000 ussei
594 2915 806 3000 protegendus,
829 2912 909 2978 sorte
927 2911 1005 2977 nube
1019 2913 1142 2998 quadam
1153 2907 1311 2998 bbregen·

138 3001 193 3064 dus
209 2999 363 3086 tantisper,
380 3001 477 3064 donec
494 2999 586 3084 ipsunt
603 2998 704 3063 lumen
721 2997 993 3085 splendidissimum,
1010 2999 1038 3063 in
1055 3019 1115 3084 quo
1133 3000 1212 3063 Deus
1229 3014 1308 3077 erat,

137 3085 293 3152 transtisset
307 3115 315 3164 3
338 3087 426 3151 etita
441 3087 587 3172 operculo
602 3100 735 3162 remoto,
749 3087 905 3170 posteriora
926 3083 1042 3170 gloriae
1057 3085 1158 3149 videre
1175 3101 1307 3169 poterat.

135 3171 251 3238 Forma
265 3172 404 3239 nimirum
422 3171 631 3260 augustissima,
653 3193 741 3256 quam
760 3171 842 3256 Deus
858 3167 1055 3255 assumpserat,
1078 3171 1120 3237 ita
1135 3187 1311 3255 comparata

137 3275 213 3336 etat,
232 3275 262 3323 ut
278 3259 314 3322 ab
333 3258 482 3328 anteriore
499 3257 540 3323 sui
557 3271 689 3343 parte,'a
704 3258 823 3322 nemine
841 3257 1016 3326 mortalium
1028 3255 1091 3323 stne
1107 3258 1211 3323 mortis
1228 3256 1308 3342 peri·

135 3341 207 3408 c'ulo
220 3343 309 3444 aspici
324 3343 428 3434 pollet,
445 3344 492 3443 sed
508 3366 524 3410 a
541 3361 624 3430 parte
641 3344 803 3430 posteriore
821 3343 861 3407 ita
876 3359 1043 3492 temperata
1055 3360 1135 3422 erat,
1151 3360 1180 3409 ut
1193 3345 1307 3424 Moles,

136 3526 241 3590 dicit:
279 3529 445 3606 Posteriora
468 3549 533 3588 mea
558 3525 699 3593 videbat.-
730 3547 798 3588 atam
817 3527 921 3606 facies
948 3547 1012 3588 mea
1040 3528 1164 3609 conspici
1190 3527 1306 3610 nequit.

136 3615 242 3681 Facies
256 3619 315 3681 Dei
328 3618 386 3680 hoc
401 3617 469 3680 loco
483 3614 628 3702 significat
644 3614 934 3700 imperscrutabilem
948 3615 1010 3682 Dei
1027 3615 1179 3682 essentiam
1192 3635 1224 3681 et
1244 3637 1309 3680 ma·

133 3711 287 3790 jestatem.
340 3712 465 3776 Verum
481 3711 610 3794 quidem
628 3710 682 3782 est,
700 3709 790 3774 versu
816 3732 867 3798 ιι.Ι
894 3711 976 3773 dici:
1006 3715 1092 3798 facie
1107 3715 1184 3774 enim
1201 3709 1306 3792 adsa-

135 3813 209 3874 eiem
226 3815 322 3900 Daupr
340 3833 404 3891 turp
421 3815 502 3874 Moe
518 3808 752 3900 laetetumfur'ffe,
779 3823 813 3872 ut
829 3811 947 3892 quisquc
962 3815 1087 3876 ornicum
1100 3811 1189 3894 solet.
1241 3811 1305 3875 Sed

136 3903 230 3988 paulo
253 3903 340 3966 aliter
360 3902 402 3965 ibi
424 3923 513 3988 quam
532 3900 580 3964 lric
597 3921 658 3964 vox
671 3899 759 3978 saciet
774 3899 920 3976 sumitate
945 3923 1013 3966 uam
1034 3923 1084 3988 per
1090 3902 1213 3986 fatrem,
1241 3922 1309 3986 pars

136 3987 273 4054 anterior
285 3987 400 4053 sorntae
415 3989 494 4052 illius
507 3979 764 4071 splendidissimae,
776 4007 864 4070 quam
880 3983 964 4050 Deus
980 3986 1180 4073 assumpserat,
1198 3987 1246 4051 ltic
1262 3987 1308 4052 in·

138 4085 286 4147 dicatur:
314 4087 400 4146 Facie
422 4086 499 4148 enim
521 4081 563 4144 ad
577 4083 693 4164 faciam
716 4085 800 4144 Deus
827 4103 894 4144 cum
918 4085 999 4146 Moe
1026 4083 1150 4157 sortitus,
1176 4084 1305 4156 dicitur,

136 4175 216 4256 quod
230 4195 290 4239 oon
309 4195 364 4259 per
379 4173 525 4239 visionem
541 4191 590 4238 aut
606 4169 755 4251 somnum,
778 4189 829 4235 aut
844 4171 902 4236 alia
917 4174 1047 4253 ratione,
1071 4172 1151 4241 Most
1167 4174 1306 4238 volunta-

137 4275 200 4323 tem
226 4257 305 4324 litam
330 4257 518 4332 indicaverit,
541 4257 587 4323 sed
614 4257 656 4322 ita
679 4279 751 4322 cum·
763 4258 850 4322 Deus
872 4259 987 4324 loeutus
1002 4257 1037 4325 fit
1063 4277 1093 4325 ut
1117 4258 1241 4344 ipsemet
1258 4281 1308 4324 vo·

14 4365 15 4376 ¹
136 4361 203 4408 cem
221 4345 281 4427 ejus
294 4345 453 4424 audiverit,
470 4343 523 4410 etst
538 4345 614 4409 nihil
630 4343 748 4408 viderit.
772 4344 923 4409 Caeterum
939 4367 977 4410 ex
992 4347 1077 4412 dinis
1092 4363 1187 4434 paret,
1210 4343 1304 4431 ipsam

39 4411 56 4484 -Ι
137 4429 198 4494 Dei
215 4429 367 4514 essentiam
382 4451 398 4492 a
416 4429 501 4496 Mose
521 4451 581 4495 nort
598 4429 688 4510 visam
702 4427 782 4494 esset
805 4429 910 4494 Nemo
925 4433 1004 4497 euim
1022 4432 1095 4498 vidit
1111 4432 1226 4510 Deum,
1243 4436 1306 4496 unl-

137 4515 257 4599 genitus
272 4515 325 4610 illp
342 4515 417 4581 filius
431 4517 480 4599 qui
496 4515 538 4582 est
554 4517 584 4582 in
602 4515 665 4590 stnu
681 4516 789 4596 Patris,
811 4517 864 4584 ille
879 4517 966 4585 nubis
981 4518 1130 4606 exposuit,
1150 4515 1199 4604 Jo.
1217 4517 1237 4582 i.
1257 4517 1306 4592 ru.

970 3430 1055 3495 rhoc
1071 3429 1205 3514 estquod
1220 3427 1307 3494 Dens
1442 3496 1443 3503 χ
