2916 4828
390 266 1020 357 nonnunn
1210 285 1380 374 m·

186 473 416 570 Vindicavit,
447 479 542 557 ultus
559 469 626 551 est.
673 463 734 547 To·
752 491 891 571 avenge.
951 455 1042 536 Vid.
1066 485 1171 538 num.
1194 464 1291 568 476,

186 589 250 666 ubi
270 587 450 668 candidus
469 590 585 665 leslor
601 583 765 686 corrigat
779 597 941 655 errorem
957 573 1290 680 typographicum,

187 723 323 803 nempe
343 729 369 801 4
388 699 438 807 sp.
466 723 533 803 pro
553 697 577 774 6
596 693 724 800 specie.

134 890 254 997 3682.
284 896 367 996 Cap.
392 894 470 972 xvi.
500 919 579 970 uer.
603 915 665 994 13.
699 876 765 972 ’lsi
798 881 939 963 Videns
959 907 1034 974 me,
1066 871 1148 972 ’iifl
1176 880 1314 979 idem,

187 1031 234 1082 ex
258 1004 322 1084 aff.
349 1009 362 1092 ’‚
388 990 527 1104 etot&
558 1021 651 1108 part.
681 995 795 1106 praes.
834 995 927 1101 tsp.
988 991 1130 1088 Astis]
1161 994 1266 1076 vidit.

134 1195 254 1303 3683.
298 1205 382 1307 Cup.
402 1203 537 1282 xxxiii.
573 1224 651 1274 ver.
681 1196 741 1276 16.
803 1183 886 1285 5337
925 1190 1024 1269 Part.
1056 1188 1170 1292 praes.
1206 1191 1296 1300 rsp.

188 1309 262 1390 five
280 1313 369 1395 Kal.
400 1318 437 1393 Α
456 1314 542 1407 ᾙξ
556 1345 616 1429 pp
635 1304 787 1386 transiit·
848 1305 891 1384 ln
912 1301 1029 1408 specie
1049 1295 1124 1376 ada
1143 1299 1295 1398 Pihhel,

183 1445 451 1584 ,genummos
470 1465 644 1584 appendit
677 1463 693 1572 (
720 1462 749 1570 ).

135 1663 258 1772 3684.
293 1671 375 1772 cap.
398 1634 516 1747 mxxvii.
545 1691 624 1741 ver.
651 1661 713 1738 rb.
744 1631 858 1757 illibi)
887 1655 929 1732 Iu
952 1652 1036 1733 stat.
1058 1658 1197 1738 constr.
1229 1687 1299 1767 pro

191 1754 302 1877 Πξξὶξῐ
332 1782 413 1886 (pl.
431 1749 584 1876 ”isis-l)
616 1797 722 1879 prop.
745 1769 887 1873 lapillus
906 1767 994 1845 levis
1012 1793 1091 1875 quo
1111 1774 1298 1874 portiones

191 1903 227 1962 et
249 1887 358 1967 sortes
377 1887 494 1970 dividi
518 1883 656 1963 t'otem:
689 1882 793 1959 Hinc
815 1903 906 1983 pars,
930 1881 1061 1982 portio.
1092 1886 1132 1954 A
1134 1877 1240 1986 strare
1257 1909 1298 1960 or

182 2003 337 2103 portion.
399 2025 436 2083 2.
469 1997 655 2088 Laevitas,
684 1993 887 2100 glabrities.
924 1988 1142 2096 Smootlmess,
1161 1989 1299 2100 smootb

1190 2121 1295 2208 part.

177 2257 222 2341 (11)
243 2233 551 2343 interpretestttu'b
569 2248 652 2331 ‘llll
670 2248 889 2314 intellexerunt
912 2251 976 2315 fore
996 2271 1170 2338 argeutum,
1195 2255 1233 2319 de
1248 2275 1299 2318 cu·

130 2345 179 2429 jus
194 2342 364 2409 finceritate
382 2363 441 2408 non
457 2338 619 2414 dubitetur,
641 2338 776 2420 quodque
792 2355 847 2419 per
863 2357 965 2401 manus
984 2357 1183 2402 mercatorum
1202 2337 1301 2404 trans·

134 2433 194 2510 eat,
219 2428 339 2494 nemine
353 2430 425 2494 iliud
442 2419 606 2490 recusante.
644 2426 728 2504 Qrae
741 2419 861 2504 quidem
876 2419 1088 2507 interpretatio
1104 2421 1173 2489 serri
1190 2425 1298 2508 pollet,
1381 2485 1384 2494 ,

133 2515 157 2582 si
173 2517 231 2581 alia
246 2515 331 2581 uerbi
345 2513 428 2598 ‘Uli
445 2507 624 2597 fignificatio
639 2509 682 2572 rei
697 2509 884 2580 nummariae
899 2510 1016 2594 propria
1032 2530 1092 2574 non
1111 2506 1298 2596 suppeteret,

135 2669 329 2742 hanc'aurem
344 2669 481 2737 seruante
500 2667 631 2732 Arabum
650 2665 785 2732 dialecto,
827 2663 880 2734 Est
903 2663 1022 2749 quidem
1045 2620 1107 2762 pis
1133 2668 1164 2735 in
1189 2669 1299 2757 specie,

134 2805 195 2871 five
210 2802 425 2891 conjugatione
440 2803 498 2866 eda
515 2797 675 2886 Arabum,
688 2797 997 2950 nummosappeodit,
1021 2817 1051 2864 et
1074 2802 1195 2886 quidem
1220 2803 1301 2890 sigil-

133 2890 233 2968 latim,
249 2909 279 2954 ut
289 2889 397 2974 justum
413 2888 528 2973 pondus
539 2885 869 2970 exploretur-boetii
880 2907 956 2950 rmus
972 2885 1063 2972 igitur
1077 2889 1236 2953 Michaelis
1251 2891 1303 2954 hie

134 2975 283 3075 iutelligit
307 2973 425 3040 mallum
449 2971 579 3060 argenti,
603 2970 664 3037 ficii
689 2975 832 3070 pondere,
857 2989 1057 3035 amercatore
1074 2975 1244 3057 probatam,
1267 2991 1303 3040 et

134 3061 223 3150 ligno
239 3060 377 3148 rmprello
395 3076 550 3125 notatam:
574 3057 798 3140 Antiqurffrmos
812 3059 892 3122 enirn
911 3054 1008 3132 siclos,
1028 3079 1086 3121 non
1104 3081 1135 3122 re
1159 3061 1302 3127 111111111-

133 3150 238 3224 ritate,
262 3147 340 3213 seda
357 3144 573 3212 mercatoribus
589 3144 762 3228 exploratos
779 3158 955 3224 notatusque
972 3139 1064 3215 fuisse,
1086 3081 1199 3210 ceulet.
1238 3149 1304 3213 Ne·

134 3255 191 3317 que
216 3235 298 3300 enim
320 3233 549 3298 existimandum
567 3229 620 3308 est,
650 3227 749 3306 siclos,
778 3246 902 3310 quorum
929 3231 1044 3311 pondus
1070 3230 1139 3318 lege
1167 3232 1304 3298 definivit

134 3321 249 3400 Moles,
272 3338 302 3383 et
318 3339 390 3404 quos
413 3318 526 3382 saucios
549 3315 746 3465 appellamus,
770 3334 837 3376 cunr
861 3309 940 3377 fictis
957 3334 1176 3412 mercatorum,
1200 3318 1304 3404 quibus

135 3423 265 3491 quatuor
285 3403 391 3468 seculis
413 3419 481 3467 ante
504 3400 544 3468 ust
576 3417 641 3474 unt,
664 3399 781 3464 eosdem
805 3397 870 3463 eise.
914 3399 991 3466 Huic
1007 3421 1210 3470 mercatorum
1229 3407 1304 3472 siclo

137 3491 229 3558 nimis
245 3490 381 3556 mutabili
395 3509 425 3554 et
442 3487 575 3569 incerto,
600 3503 649 3552 aut
673 3483 818 3564 succesit,
837 3501 887 3550 aut
906 3487 1024 3551 additus
1039 3487 1081 3553 est
1096 3512 1112 3555 a
1127 3489 1227 3569 Mose,
1250 3515 1304 3580 per

137 3579 252 3663 aliquot
266 3574 359 3641 secula
375 3576 541 3650 duraturus,
558 3575 646 3640 siclus
666 3571 746 3637 sacer
762 3570 836 3636 certi
896 3573 1002 3638 oderis.
1037 3575 1167 3644 Nummi
1192 3577 1215 3644 fi
1240 3579 1304 3645 nati

136 3667 254 3731 natales
267 3663 429 3728 virdoslus
449 3664 525 3746 apud
548 3661 714 3727 Phoeuiees
736 3657 839 3723 inveni
864 3681 879 3722 e
901 3657 954 3724 srbi
976 3658 1202 3730 videtum-Ob
1218 3683 1304 3730 eruat

136 3750 218 3816 idem
235 3752 281 3814 vir
296 3751 409 3829 rioilus,
432 3747 550 3812 diverso
576 3769 690 3836 genere
716 3745 861 3810 scribendi
885 3765 901 3808 a
923 3743 1068 3827 Mosaico,
1091 3767 1192 3816 totum
1214 3769 1306 3840 caput

8 3873 9 3878 1
136 3836 226 3900 xxiii.
239 3839 409 3914 decurrere,
426 3855 484 3919 quo
497 3851 528 3898 et
542 3831 630 3919 saepe
645 3835 773 3921 repetita
786 3831 996 3918 compellatio,
1009 3838 1096 3908 ’ΠΝ
1108 3837 1238 3906 Domine
1249 3839 1305 3917 mi,

137 3941 169 3989 et
185 3923 260 3989 illud
279 3923 425 4008 adjectum
451 3917 573 3997 trunti
594 3922 663 3984 audi
685 3943 743 3998 me,
766 3919 827 3982 sure
843 3919 932 3983 liceat
948 3918 1024 3984 milri
1041 3923 1135 4005 ioqui,
1201 3926 1305 3991 rtinet.

9 4047 10 4050 =
137 4009 225 4096 Ager
239 4012 343 4084 etiam,
363 4027 391 4073 et
408 4008 478 4092 quid
491 4029 559 4072 cum
577 4007 631 4070 illo
647 4009 814 4080 uenditum,
836 4003 877 4068 stc
893 4023 994 4070 curate
1009 4007 1084 4072 adeo
1097 4029 1132 4073 ac
1164 4009 1306 4099 uspiciose

8 4169 9 4176 ἵ
138 4095 289 4168 definitur,
314 4115 412 4179 neque
434 4113 520 4180 porta
538 4093 654 4180 publica
669 4091 858 4177 emptionem
878 4094 1026 4178 peraslam
1045 4091 1100 4158 elle
1115 4117 1150 4160 ea
1166 4101 1307 4165 cautione

138 4201 200 4245 non
226 4181 361 4246 scribitur
384 4179 490 4258 solum,
513 4179 562 4245 sed
587 4197 616 4243 et
642 4179 799 4264 repetitur,
824 4196 855 4243 ut
881 4179 1045 4264 emptionis
1070 4179 1220 4264 libellum,
1244 4208 1304 4251 non

137 4267 273 4332 historici
290 4267 381 4330 verba
396 4264 547 4352 agnoscas.
585 4265 668 4329 Solet
683 4283 784 4330 autem
804 4263 901 4330 Moses
918 4285 1127 4348 monumenta,
1144 4291 1183 4338 ex
1200 4273 1306 4357 quibu,

138 4355 291 4418 lrilloriam
311 4352 444 4431 texebat,
468 4352 587 4440 integra
603 4369 819 4436 nonuunquam
838 4347 979 4429 inserere,
1004 4356 1081 4418 uode
1097 4373 1180 4423 tanta
1196 4359 1226 4424 in
1244 4362 1306 4441 ejus

140 4438 332 4590 primollibro
349 4437 407 4587 sl6iii
425 4437 588 4508 divetfiras.
624 4438 691 4504 vm.
706 4439 882 4518 Comment·
898 4437 1042 4505 Societas·
1055 4439 1137 4530 Reg.
1156 4443 1304 4534 Gotting,

141 4528 395 4612 mm'1·l'·4r
420 4545 471 4607 tl·
