2916 4828
140 219 225 305 554
273 269 279 282 .
327 191 599 284 ctavts
635 193 1247 286 manutenens-r

146 394 267 498 3634.
295 393 413 501 Vnt.
448 419 515 499 34.
551 395 633 505 BQ?
671 387 919 488 Recontlittrs,
939 407 1044 502 Tpart.
1077 392 1166 502 pass.
1202 421 1217 478 t
1250 393 1308 506 sp.

177 569 181 582 .
201 509 241 586 A
260 505 344 602 ab?
355 527 446 621 με.
474 530 581 614 prop.
601 504 758 588 brittios
776 506 992 722 colliqavit:
1013 506 1120 616 Hinc
1139 509 1309 616 collegit,

203 615 428 697 recondidit.
457 614 510 698 To
529 615 584 721 lay
600 631 646 716 up
661 617 699 692 in
706 613 804 722 stare
827 615 869 722 lo
893 671 904 694 .
1284 711 1289 720 ,

148 729 271 848 3635.
303 729 412 812 Vae.
435 755 454 834 3
458 758 500 834 5.
533 703 640 817 ab&
668 724 903 824 Retribntio,
927 725 1196 836 compensatio.
1229 731 1318 830 Re·⁴

202 854 382 942 comperce.
443 845 477 915 A
498 810 603 936 ΠΨ
634 837 813 916 retribuit.
853 918 855 926 ,
1037 915 1042 920 .
1240 862 1243 876 ·

150 951 269 1052 3636.
297 951 414 1044 ΕῬΒ·
439 949 614 1054 Εκίῑίιιιη
632 971 779 1038 eorum.
808 973 856 1028 ex
873 945 939 1028 all}
960 947 1004 1018 ὓ
1020 964 1058 1038 et
1075 951 1170 1046 7’8,
1201 975 1315 1060 prop.

148 1059 154 1070 '
203 1060 320 1140 moles
338 1083 610 1168 praegravans:
640 1059 740 1154 ilinc
760 1083 888 1164 vapor.
932 1083 970 1138 a.
996 1059 1131 1142 ,Grave
1152 1065 1312 1152 infortu-

204 1171 325 1264 nium,
356 1174 550 1252 calamitas
580 1171 683 1272 gravi
712 1170 826 1251 mole.
875 1171 920 1248 A
937 1174 1102 1278 grievous
1129 1171 1315 1282 calamita,

204 1279 420 1397 desitudini.
480 1281 613 1374 A'llss
639 1287 695 1385 aql
728 1285 985 1388 praegravavit
1016 1280 1099 1390 (p).
1302 1293 1305 1300 '

72 1611 75 1620 ,
145 1553 312 1644 prlmitur;
333 1557 377 1626 ita
403 1535 436 1626 ut
454 1545 563 1624 Lxx
588 1536 753 1636 verterint,
778 1555 870 1639 Supte
895 1541 1016 1616 aendor
1041 1573 1165 1631 errarat,
1180 1556 1312 1644 ¹vulgat.

145 1669 292 1716 venemtm
303 1651 437 1737 aspidium
449 1649 613 1738 insanabile.
628 1649 706 1726 jNec
723 1669 797 1733 opus
813 1645 855 1710 cll
869 1644 999 1712 statuere
1016 1663 1069 1712 eos
1083 1642 1239 1742 legisse-'tt
1252 1651 1315 1739 qt&

145 1755 210 1802 non
234 1735 279 1804 ell
301 1740 434 1821 curatio,
478 1760 530 1803 uae
545 1733 651 1802 summi
665 1733 806 1806 Bocharti
820 1729 862 1828 esi
877 1731 1058 1816 conjectura,
1082 1733 1204 1796 llteroz.
1227 1719 1262 1794 P.
1275 1732 1317 1795 ll.

145 1821 199 1887 lib'.
217 1819 262 1889 iii.
286 1844 354 1912 cap.
370 1841 401 1905 ς.
448 1760 508 1890 llid
522 1822 680 1888 Venemae
696 1838 761 1886 not.
779 1819 808 1884 in
822 1817 957 1906 Vrtting.
980 1839 1010 1905 p.
1029 1839 1099 1902 197.
1129 1843 1134 1852 ·

158 1961 162 1970 ·
190 1933 232 2016 (o)
253 1935 320 1998 Vox
340 1933 425 2006 01))
449 1927 654 2015 metaphorice
670 1923 837 2014 significare
865 1925 985 1990 videtur
1008 1944 1042 1990 ea
1058 1945 1132 2008 quae
1146 1922 1179 1990 in
1192 1919 1324 1989 thesea·-

146 2015 188 2082 fis
203 2023 358 2084 recondrta
373 2013 454 2098 sunt,
477 2014 627 2100 inquibus
643 2033 718 2097 quae
731 2009 899 2078 asl‘ervantla
916 2009 980 2076 snut
997 2009 1194 2098 colliguntur,
1215 2012 1316 2075 donec

148 2101 201 2168 suo
216 2120 354 2191 tempore
371 2103 441 2170 iude
457 2105 683 2186 depromantur.
723 2100 791 2182 Qvo
805 2095 887 2162 seusu
902 2095 1062 2183 Apostolus
1077 2099 1113 2162 de
1126 2095 1227 2182 impiis
1240 2091 1318 2160 affir-

147 2212 212 2260 mat
228 2217 291 2272 eos,
315 2195 476 2284 lvrevpriur
498 2215 638 2280 tanquam
658 2185 829 2286 thesaurum
849 2189 903 2258 stbi
922 2211 1087 2280 congerere
1103 2210 1134 2258 et
1149 2193 1316 2257 recondere

145 2287 225 2356 iram
245 2290 277 2356 in
300 2289 348 2357 die
369 2287 443 2370 irae,
466 2287 560 2355 Rom.
579 2287 611 2353 ii.
628 2310 659 2375 5.
704 2287 753 2352 Sic
780 2285 831 2352 hic
857 2285 961 2352 Lxx
986 2288 1113 2352 reddunt
1138 2287 1236 2357 0103
1260 2299 1319 2370 per

145 2407 290 2451 currerat.
321 2381 431 2448 Sensus
441 2387 522 2472 'ergo
536 2380 592 2464 est,
617 2391 638 2423 ⁸¹
657 2383 759 2447 De'um
778 2377 923 2446 maleficia
937 2379 1118 2466 Judaeorum
1134 2402 1202 2447 cum
1219 2375 1323 2451 taralis,¹

144 2479 168 2518 ‘⁸
189 2495 265 2560 quae
282 2495 470 2554 meruerunt,
492 2473 524 2542 in
549 2470 723 2540 thesaurum
746 2467 944 2552 coacervllle,
979 2471 1079 2559 ibique
1102 2469 1262 2540 condidisse
1281 2470 1323 2544 ac'

147 2561 172 2598 “
191 2561 366 2650 obsignasse,
389 2563 499 2638 donec,
522 2575 699 2648 opportuno
714 2577 863 2646 tempore,
886 2559 957 2625 inde
973 2575 1168 2674 exprompta,
1190 2559 1220 2623 in
1236 2551 1323 2642 ipsos'

144 2649 175 2686 “¹
194 2645 395 2724 effundantur,
417 2666 449 2712 ut
473 2647 514 2714 sre
536 2647 663 2734 operum
689 2637 807 2714 suorbm
830 2645 940 2712 fructus
960 2645 1118 2732 carpant’
1161 2645 1210 2710 Sic
1226 2639 1323 2706 Chal-¹

145 2729 235 2796 dacus
248 2731 464 2812 interpretatus
478 2733 536 2808 est,
556 2737 578 2772 ‘⁴
596 2725 711 2798 Nonne
726 2733 831 2800 omnia
845 2732 939 2834 opera
951 2751 1054 2798 eorum
1070 2752 1174 2797 coram
1189 2752 1237 2796 me
1254 2747 1315 2794 ma·

144 2820 171 2854 “
194 2812 298 2882 oisella
324 2809 402 2890 sunt,
429 2833 460 2882 et
487 2837 601 2904 congre
625 2817 681 2882 ata'
701 2819 732 2883 in
760 2812 840 2884 diem
867 2813 967 2900 ludicii
988 2817 1019 2884 'tn
1041 2815 1185 2884 thesauris
1207 2804 1323 2882 metas

145 2903 310 2970 Caeterum
326 2891 481 2969 thesaurus
496 2901 549 2968 ille
561 2839 734 2990 obsegnatus
749 2903 868 2978 dicitur,
890 2921 948 2988 quo
961 2896 1158 2992 fignificatur,
1173 2923 1242 2969 eum
1259 2898 1317 2964 else

145 2990 313 3079 repletum,
336 3007 368 3055 et
391 2989 428 3056 ad
450 2989 571 3076 plenam
595 2984 763 3054 mensuram
781 2989 962 3066 addudum3
983 3009 1013 3055 et
1029 2987 1235 3056 calamitatem
1249 2983 1318 3052 ulti·

143 3095 242 3154 mam,
263 3098 339 3166 quae
355 3071 539 3164 reipublicae
555 3097 585 3144 et
601 3072 745 3142 ecclefiae
758 3073 901 3160 Judaicae
916 3073 1008 3140 finem
1040 3075 1224 3165 imponeret,
1247 3075 1317 3141 Deo

145 3181 207 3229 nec
218 3161 327 3240 inscio,
349 3184 408 3229 nec
423 3163 534 3244 invito,
558 3163 606 3228 sed
622 3183 661 3228 ex
677 3163 739 3248 ejos
749 3163 873 3228 decreto
888 3159 937 3226 diu
953 3179 1024 3226 aute
1039 3161 1182 3244 formato,
1203 3174 1316 3227 etcum

145 3249 306 3336 prophetis
321 3251 562 3325 communicato,
585 3267 777 3314 eventuram.
793 3247 872 3314 'Hoc
887 3247 980 3314 modo
995 3248 1166 3316 calumniae
1181 3247 1318 3337 Pagano·¹

147 3353 218 3401 turn
233 3331 323 3402 facile
341 3335 460 3402 retundi
476 3333 659 3422 potuissent:
681 3339 758 3402 Cum
775 3335 857 3400 enlm
875 3355 892 3397 a
906 3333 976 3399 Deo
992 3333 1054 3422 ipso
1069 3335 1176 3421 idjam
1192 3337 1318 3422 alonge

147 3436 289 3506 ternpore
309 3419 339 3486 in
363 3441 490 3506 poenam
506 3421 690 3505 judaeorum
706 3419 778 3485 ellet
794 3423 962 3498 decretum,
986 3421 1063 3486 nihil
1079 3424 1228 3508 reliquum
1243 3437 1320 3502 erat,

147 3529 189 3573 ex
202 3529 261 3593 quo
276 3511 306 3574 in
324 3507 383 3573 Dei
394 3510 524 3573 dedecus
537 3527 643 3592 rapere
654 3503 767 3592 pollent
782 3503 889 3570 hostes.
908 3505 1035 3588 Quodst
1049 3506 1245 3574 nihilominus
1258 3527 1318 3573 non

148 3611 329 3660 vererentur
345 3596 457 3674 dicere,
480 3601 505 3634 ‘⁸
524 3595 634 3660 Manus
651 3590 751 3658 nostra
765 3591 809 3656 est
821 3592 914 3672 elata,
930 3593 1048 3679 jehova
1064 3593 1122 3659 hoc
1138 3615 1199 3659 non
1215 3593 1320 3671 seclt,”

147 3681 200 3745 trel
218 3680 277 3745 hoc
293 3679 358 3766 ipso
371 3679 515 3748 vaticinio
532 3679 745 3756 refutarentur,
766 3676 893 3763 ipsisque
908 3700 961 3744 ota
976 3679 1110 3745 obturari
1132 3677 1244 3765 pollent
1259 3679 1319 3743 hoe

149 3769 252 3834 dieto:
276 3772 302 3806 ‘⁴
327 3771 375 3832 An
393 3788 452 3836 non
467 3766 628 3847 audivistis,
650 3785 699 3830 me
715 3765 789 3831 illud
805 3763 1124 3852 elonginquosecilse,
1140 3783 1171 3830 et
1187 3783 1204 3827 a
1218 3762 1320 3830 diebus

149 3859 176 3894 “
201 3851 328 3938 antiquie
351 3853 422 3918 illud
446 3850 594 3934 formasse,
617 3872 696 3918 nunc
711 3853 827 3916 adduco
841 3851 927 3932 illud,
949 3867 983 3916 ut
1001 3847 1064 3915 satie
1085 3851 1121 3914 ad
1146 3849 1321 3917 vastandum

148 3947 176 3982 ‘¹
197 3941 287 4006 nrbes
300 3939 431 4008 munitas
444 3939 476 4006 in
498 3959 622 4006 acervos
639 3937 792 4016 nidorum,
814 3957 874 4022 quo
888 3937 964 4002 olim
980 3935 1165 4020 Assyriorum
1178 3949 1320 4025 arrogan-

148 4029 175 4064 ⁸‘
198 4026 272 4092 tiam
288 4025 379 4174 srppit
395 4023 492 4107 Deus,
516 4028 593 4112 apud
615 4021 675 4110 Jes
698 4023 818 4090 xxxvii.
844 4024 895 4090 ae.
927 4021 990 4088 vid.
1006 4022 1098 4088 etiam
1113 4019 1188 4088 xlvi.
1202 4043 1234 4110 q.
1250 4023 1319 4090 tr!
1435 4033 1436 4038 ’

152 4107 223 4177 via.
241 4111 291 4176 Cl.
341 4133 392 4178 en.
408 4131 476 4188 not.
492 4115 528 4178 ad
545 4113 659 4185 locam.
1307 4115 1314 4128 “

195 4223 257 4306 (p)
280 4219 353 4288 Vox
373 4226 441 4324 ¹!th
459 4236 514 4335 >gt
541 4221 662 4311 proprie
679 4221 717 4286 de
739 4221 841 4308 quovis
861 4240 946 4287 enare
959 4221 1053 4309 gravi
1073 4217 1229 4310 usurpatur
1244 4219 1322 4307 apud

151 4333 277 4410 Arabes,
300 4349 333 4398 et
349 4331 420 4402 inde
433 4337 472 4402 ad
483 4335 608 4422 quaevis
623 4327 800 4420 infortunia,
816 4349 848 4402 ct
861 4329 1215 4422 calamitatesetritialev,
1237 4327 1321 4492 lqcil·

136 4452 140 4462 ·
992 4435 997 4447 ’
1104 4425 1110 4444 “
1263 4425 1321 4491 ime
