2908 4832
175 214 229 292 50
476 189 539 272 De
567 165 1044 306 -Genuinu‘Antian'tttte¹

174 413 241 473 tus
269 389 296 470 s
303 411 346 469 t
389 391 532 472 “Hoc
570 392 641 484 est,
683 388 759 504 (ait
798 393 1029 505 Capellus),
1075 421 1203 478 nemo
1237 402 1314 507 qui

157 523 205 565 “
240 511 357 623 possit
379 512 585 620 legereab
603 543 654 594 eo
672 515 857 622 legendo
880 527 1047 598 arcetur
1068 543 1143 599 aut
1165 547 1315 602 areen-
1388 510 1392 518 ’

181 651 211 687 “
243 641 322 716 dus
343 637 424 714 est.
523 638 583 717 At
621 665 708 718 non
751 651 898 718 omnes
956 661 1105 720 tenent
1153 644 1312 736 literas,
1440 635 1442 644 ’

178 771 209 810 “
243 786 332 838 non
356 785 504 844 omnes
531 760 666 840 sciunt
698 759 867 866 legere,
894 763 1143 868 nequidem
1168 765 1313 858 hodie,

179 894 210 932 “
248 909 301 962 ne
324 882 499 987 quidem
517 949 521 959 .
537 883 581 962 in
615 881 761 988 lingua
785 885 1038 966 vernaculi:
1072 889 1186 988 Quot
1219 889 1317 968 sunt

177 1019 207 1055 ‘⁴
240 1003 366 1084 rudes
387 1025 428 1082 et
451 1005 639 1110 imperiti
657 1005 877 1087 literarum
901 1007 944 1086 in
962 1007 1041 1086 ,vili
1072 1008 1313 1113 plebeculb?

177 1141 206 1178 ‘⁴
239 1127 325 1208 Illis
344 1153 433 1206 non
476 1121 735 1239 proponitur
768 1151 841 1208 aut
863 1129 1090 1210 exhibetur
1112 1131 1310 1236 legenda,

163 1263 206 1314 .⁴‘
240 1250 308 1330 sed
332 1248 560 1341 audienda,
594 1248 705 1330 sacra
727 1250 981 1356 lcriptura.''
1043 1252 1154 1334 vid:
1171 1251 1309 1358 Capell.
1334 1233 1340 1247 ¹

137 1388 140 1396 '
177 1374 324 1454 Vindia
350 1371 490 1455 Arcen.
509 1373 644 1453 Pana.
661 1388 704 1476 p.
723 1401 837 1484 932·
918 1469 921 1476 ¹

107 1533 112 1538 ·
238 1497 354 1574 Num
377 1493 480 1572 haec
504 1487 667 1598 prolata
697 1500 719 1572 'a
744 1497 834 1574 viro
858 1492 1017 1574 dottiff.
1045 1495 1243 1578 verasrnt
1271 1517 1338 1578 et.

178 1615 400 1697 communi
418 1616 642 1695 hominum
658 1615 788 1698 sensui
807 1617 1107 1712 consentanea,
1128 1619 1214 1724 ipse
1230 1619 1316 1698 lec-

91 1815 92 1824 ,
148 1761 245 1826 ¹tor
281 1739 465 1846 judicet.
514 1739 675 1826 Annon
707 1741 853 1845 pueri,
888 1767 1034 1818 annon
1068 1743 1200 1846 plebs,
1224 1742 1317 1826 lite·

125 1865 126 1870 ’
176 1889 242 1942 ras
292 1857 508 1967 'alphabeti
545 1883 587 1939 et
643 1860 820 1965 syllabas
872 1889 1133 1968 componere
1187 1863 1316 1942 edoc-

177 1986 222 2078 ti,
266 1983 400 2064 Biblia
440 1982 603 2064 Gallica
637 1983 703 2062 vel
743 1984 924 2092 Angliea
959 1986 1098 2090 legere
1130 1985 1312 2091 pollint?

176 2109 339 2188 Annon
362 2102 502 2183 facilia
524 2125 566 2183 et
604 2105 730 2204 obvia
766 2096 904 2213 prinio
926 2105 1088 2186 intuitu
1113 2107 1253 2214 legere
1275 2135 1317 2186 e·

120 2279 123 2287 -
177 2231 283 2307 tiam
307 2246 347 2304 et
371 2225 614 2331 intelligere
638 2231 831 2332 queant?
865 2232 1022 2308 Annon
1063 2230 1192 2312 etiam
1209 2255 1317 2330 uer·

177 2351 231 2429 ba
249 2346 489 2438 difficiliora
510 2347 752 2451 syllabicare
774 2372 817 2428 et
839 2349 1141 2456 pronunciare,
1170 2353 1318 2432 etiam-

49 2459 57 2468 ’
175 2477 376 2556 siverunt
400 2469 561 2550 sensum
607 2499 692 2550 non
726 2473 989 2577 intelligant,
1050 2471 1173 2578 plane
1206 2469 1318 2556 vale·

128 2657 134 2674 ,
176 2596 282 2676 ant?
315 2595 407 2672 Hoc
439 2614 525 2672 tam
557 2593 827 2702 perspicuum
853 2593 925 2688 est,
969 2615 1018 2672 ut
1041 2595 1168 2678 etiam
1193 2624 1315 2704 puer,

175 2717 252 2825 qui
276 2713 442 2796 noverit
477 2715 689 2794 elementa
722 2716 871 2796 Latina
889 2735 931 2796 et
955 2715 1132 2812 Graeca,
1173 2743 1315 2813 voces,
1359 2709 1365 2718 ⁸

175 2867 272 2920 curn
298 2839 478 2916 Graecas
496 2857 588 2914 tum
606 2839 792 2933 Latinas,
812 2838 952 2944 legere
967 2859 1010 2918 et
1027 2841 1317 2946 pronunciare

175 2959 308 3073 pollit,
373 2957 534 3038 etiarnsi
575 2987 642 3040 eas
673 2987 759 3039 non
801 2961 1028 3065 intelligat.
1104 2963 1149 3041 Si
1184 2962 1324 3070 igitur·

175 3086 254 3165 lrae
277 3085 424 3163 literae
448 3096 505 3162 'tu
524 3081 567 3160 in
602 3079 749 3188 lingua
778 3081 968 3162 Hebrael
999 3079 1137 3164 effent
1169 3111 1320 3164 revera
1440 3153 1442 3200 ς

93 3193 98 3200 ’
174 3205 356 3298 vocales,
377 3201 519 3288 literae
536 3202 628 3282 illas
645 3215 731 3282 no‘n
752 3201 831 3284 ell'e
853 3205 1126 3300 omittendas,
1146 3206 1222 3286 ubi
1242 3209 1319 3286 ad·
1440 3203 1442 3224 '

175 3327 254 3409 else
276 3327 532 3419 debuerant,
556 3326 609 3406 ad
627 3325 818 3430 linguam
852 3353 950 3407 cum
968 3326 1194 3430 legendam
1219 3349 1315 3408 tum
1440 3337 1441 3346 '

174 3447 519 3554 intelligendam,
559 3445 719 3526 necesse
748 3447 820 3526 est.
867 3449 1086 3554 Qtaedatn
1118 3440 1319 3530 vtroelse

11 3559 13 3568 ⁵
71 3585 74 3592 ‘
174 3573 268 3654 loca
298 3597 383 3648 non
405 3567 514 3650 tetta
528 3596 645 3665 vero,
662 3569 729 3648 sed
749 3569 983 3664 intelleslu,
1003 3569 1319 3666 difficiliora,in

174 3689 357 3777 confesso
385 3690 457 3768 est.
524 3692 603 3770 Sed
624 3691 810 3796 quaestio
844 3691 911 3772 hic
934 3691 1059 3799 plane
1085 3695 1142 3773 est
1180 3695 1233 3774 de
1259 3696 1330 3775 lr-·⁴

173 3817 319 3927 gendo
344 3847 355 3907 ;
385 3841 502 3908 nam,
546 3811 575 3892 li
598 3813 691 3919 quis
709 3813 867 3896 librum
895 3814 1036 3922 legere
1074 3809 1314 3926 nesciverit,

174 3963 401 4049 nunquam
436 3934 663 4042 intelliget.
749 3947 776 4024 ’ἔ
801 3936 981 4018 Putatne
1003 3939 1179 4018 censor'’
1197 3941 1322 4026 addit
1440 4011 1442 4020 ,

172 4061 383 4166 Capertur,
410 4069 442 4148 ‘.‘
467 4058 718 4164 scripturam
741 4057 929 4138 debuisse
961 4055 1041 4139 effe
1063 4061 1123 4140 ita
1149 4089 1322 4169 compa·

174 4193 204 4232 ‘⁴
238 4203 389 4274 ratam,
413 4203 460 4257 ut
484 4205 632 4260 omnes
651 4181 829 4259 omnino
848 4181 1098 4288 promiscue,
1142 4189 1320 4292 promp-

175 4303 292 4403 “.te,
336 4299 550 4410 expedite,
592 4301 678 4382 stne
702 4302 788 4382 ulta
806 4301 1096 4401 haesitatione,
1155 4327 1318 4388 exteru-
1380 4362 1382 4371 ·

1051 4449 1053 4457 '
1147 4439 1318 4539 “pnre,
1369 4457 1373 4464 ·
