2908 4832
189 251 253 336 40
511 222 575 306 De
605 224 773 308 Grnuirru
802 226 1046 332 Artiqrrr'mre

261 430 312 513 In
334 451 490 510 arcano
511 425 798 534 punslationis
818 428 1003 510 revelato
1022 423 1221 521 affirmat,
1245 425 1341 508 lite·
1418 446 1421 454 ·

130 596 133 604 1
197 579 266 636 ras
286 573 342 645 *ru
367 577 454 632 non
490 547 628 632 solitas
650 548 729 632 esse
750 549 859 630 sorte
894 577 979 632 tam
1006 550 1255 659 frequenter
1292 580 1340 630 o·

200 675 311 757 mitti
335 673 564 781 invulgati
585 693 628 753 ct
650 677 871 754 communi
908 677 1118 754 scribendi
1153 678 1338 770 ratione,

164 801 167 816 ¹
198 824 329 908 quam
352 797 481 877 hodic
499 797 543 875 iu
568 795 684 898 sacro
704 817 823 878 textu
843 798 1071 893 Hebraico,
1097 797 1190 876 sunt
1215 795 1341 874 omis-

197 923 292 1004 sae:
356 920 458 999 Vid.
481 919 622 1002 Arcan-
646 919 822 1001 Punriac.
846 937 928 1028 cap.
952 925 1040 998 xix.
1064 937 1107 1025 p.
1138 921 1236 1002 1'81.
1303 921 1343 999 1-

197 1047 297 1126 dem
318 1043 383 1123 vir
401 1039 549 1122 dusius
571 1069 674 1122 vero
691 1045 830 1149 postea
852 1045 895 1122 in
915 1043 1122 1124 Vindiciis
1140 1047 1242 1121 haec
1268 1043 1339 1118 im·

158 1203 160 1206 ·
197 1168 304 1248 bctt
340 1175 371 1212 “
397 1168 456 1247 At
474 1191 577 1246 vero
595 1186 764 1270 tantum
788 1165 916 1259 abest,
937 1187 982 1244 ut
1014 1193 1106 1244 eam
1131 1167 1269 1243 dicam
1295 1193 1341 1242 o·

199 1303 232 1340 ⁰⁶
265 1285 498 1370 millionem
522 1287 735 1368 literarum
754 1309 811 1375 tm
836 1315 920 1368 non
947 1287 1085 1368 solitas
1114 1285 1193 1366 esse
1228 1299 1341 1367 rorte

199 1425 232 1464 “
264 1433 353 1492 tam
375 1411 624 1518 frequenter
646 1412 788 1494 omitti
815 1413 859 1491 in
882 1432 1002 1490 textu
1040 1410 1249 1502 Hebraeo,
1292 1429 1342 1489 ut
1432 1488 1436 1498 ,

199 1547 234 1587 “
264 1555 411 1643 putem
435 1559 588 1612 novam
612 1517 626 1624 ’ς
657 1529 705 1612 ut
740 1553 891 1612 contra
926 1531 1077 1640 potius'
1102 1534 1340 1614 existimem
1430 1567 1437 1574 ·

200 1671 235 1709 ·‘
264 1685 357 1740 eam
392 1656 457 1736 vel
495 1657 678 1736 maxime
715 1659 953 1764 antiquam,
988 1683 1116 1764 atque
1154 1679 1246 1736 tom
1274 1655 1342 1735 vel

200 1793 235 1834 '‘
269 1781 459 1863 maxime
475 1778 718 1886 usurpatam
738 1807 759 1858 a
776 1780 891 1862 Mose
909 1799 951 1857 et
972 1779 1205 1886 prophetiae
1230 1805 1342 1884 quae

197 1895 238 1956 '“
266 1931 321 1986 ert
356 1903 534 2010 linguae
561 1901 816 1996 Hebraicae‚
857 1903 1027 2009 Judaeis
1064 1903 1335 1996 vernaculae,

201 2039 237 2078 ‘⁶
266 2023 433 2138 peritii,
452 2023 575 2106 facile
598 2023 727 2132 posset
754 2025 972 2104 literarum
998 2025 1067 2104 illc
1085 2020 1279 2128 desectus¹
1295 2043 1342 2104 et
1441 2055 1442 2058 ‘

196 2161 237 2230 .“
270 2147 458 2230 absentia
476 2177 501 2226 a
521 2149 698 2226 cordato
723 2145 878 2227 tenore
910 2145 1152 2256 suppleri.”
1235 2147 1337 2228 Vid.

200 2273 355 2357 Vr'ndic.
377 2269 520 2356 Arrun.
542 2269 718 2350 Partim.
733 2287 778 2376 p.
806 2278 910 2386 932.

190 2385 195 2396 ’
261 2393 556 2504 Judicetvero
587 2392 797 2472 candidus
830 2393 974 2486 letior,
1009 2389 1343 2500 fiCLCapellus
1416 2406 1419 2414 ’

196 2517 280 2600 fibi
299 2513 377 2624 ipsi
404 2513 563 2595 constet
577 2547 588 2608 ς
622 2515 749 2622 plane
771 2515 884 2595 enim
908 2545 932 2594 a
964 2514 1093 2622 seipso
1112 2513 1340 2624 discrepat,

198 2667 331 2748 quum
354 2639 398 2718 in
437 2665 593 2718 arcano
630 2637 704 2717 suo
738 2636 1042 2733 affirmaverat,
1076 2665 1163 2718 nou
1203 2635 1343 2720 solitas

201 2761 283 2844 elle
303 2759 415 2841 sorte
435 2783 523 2840 tam
545 2757 793 2868 frequenter
814 2757 933 2841 hasce
960 2761 1099 2840 literas
1120 2791 1178 2854 rm
1196 2763 1342 2846 omitti

177 2880 246 2966 ¹in
272 2883 437 2990 vulgari
473 2882 685 2964 scribendi
715 2883 881 2988 ratione
902 2909 1029 2992 quam
1066 2881 1193 2962 hodie
1216 2885 1259 2964 in
1283 2882 1344 2964 sa·

202 3035 280 3088 ero
296 2999 419 3087 textu
442 3005 672 3088 Hebraico.
721 3005 769 3086 In
792 3007 1002 3097 Vindiciis
1021 3033 1121 3085 vero
1144 3007 1255 3086 hanc
1279 3035 1344 3088 ra·

203 3131 368 3210 tionem
414 3127 624 3209 scribendi
660 3129 846 3209 maxime
868 3115 1114 3236 antiquam,
1152 3153 1282 3236 atque
1316 3157 1344 3210 a

204 3253 321 3334 Mose
343 3274 386 3332 et
408 3251 631 3360 Prophetis
661 3251 902 3358 usurpatam
925 3249 1058 3345 fuisse,
1093 3253 1340 3332 contendit.
1438 3337 1440 3346 ,

191 3375 320 3482 ,Gar-
340 3376 403 3455 vir
421 3375 522 3456 haec
542 3393 700 3454 temere
719 3397 758 3452 et
783 3376 997 3466 audat‘ler,
1028 3376 1114 3455 line
1136 3374 1221 3455 nlla
1243 3401 1342 3454 auc·

196 3483 389 3593 tortore,
403 3487 683 3606 pronunciat:
702 3499 791 3578 Hae
805 3501 920 3578 enim
941 3525 1163 3606 nunquam
1182 3526 1205 3576 a
1225 3498 1344 3578 Mose

1276 3621 1344 3702 vel

205 3741 231 3776 “
251 3735 453 3818 Agnoscimus
466 3735 527 3818 (ait
551 3733 710 3816 Capellus)
728 3735 812 3796 enim
828 3749 969 3819 uterque,
983 3759 1097 3819 nempe
1113 3741 1177 3821 ipse
1203 3757 1236 3804 et
1249 3742 1344 3818 Elias,

204 3825 230 3857 ‘⁴
250 3817 369 3896 semper
382 3815 471 3876 suilse
486 3819 637 3878 vocalium
654 3834 746 3880 notas
759 3818 875 3896 literas,
889 3837 1004 3898 nempe
1020 3829 1088 3897 ἢκ,
1113 3826 1222 3903 quibus
1236 3824 1348 3887 multia

198 3899 231 3938 '“
250 3900 285 3960 in
297 3899 385 3974 locis,
399 3895 454 3958 etfi
469 3919 533 3960 non
548 3899 702 3974 omnibus,
717 3899 839 3960 vocales
853 3899 1064 3982 designantur,
1092 3925 1261 3989 earumque
1277 3907 1345 3980 sttb-

205 3987 229 4026 ⁴⁴
251 3979 329 4042 lidio
341 3995 375 4041 et
390 3981 570 4058 praesentia
583 3983 683 4042 lector
696 3979 828 4040 multum
840 3985 1004 4062 juvatur.'’
1024 3985 1088 4045 Viri.
1112 3987 1223 4067 Gapell.
1241 3991 1345 4068 Praef.

205 4065 249 4123 ad
259 4061 345 4122 Vind.
364 4062 474 4122 Arcen.
486 4065 586 4142 panti,
607 4077 642 4142 p.
668 4065 806 4123 801.—“
821 4065 931 4125 Nullas
960 4082 1066 4128 autem
1094 4087 1195 4132 certas
1223 4061 1346 4133 vocales

205 4149 229 4181 “
255 4141 413 4226 (nitidem
438 4145 596 4226 Capellua]
612 4156 740 4214 notant,
759 4143 816 4204 uili
837 4167 932 4226 quum
954 4149 1132 4226 quiescuntr
1156 4165 1227 4216 nam
1249 4175 1347 4232 quum

207 4229 233 4262 “
253 4237 432 4299 moventur,
452 4246 559 4286 umnec
572 4223 696 4306 potsunt
710 4223 877 4290 admittere
892 4230 1024 4304 vocales,
1045 4233 1213 4318 eademque
1234 4239 1276 4297 est
1294 4257 1345 4295 ea·

198 4311 231 4390 '⁴‘
251 4327 324 4366 rum
342 4309 425 4366 ratio
446 4327 525 4388 quae
547 4311 679 4370 aliarum
700 4305 920 4370 radicalium.”
961 4314 1036 4374 Vid.
1059 4317 1171 4394 Capell.
1189 4318 1236 4378 rrbr'
1248 4321 1346 4396 snpra

203 4401 236 4468 p.
254 4403 323 4460 171.
351 4389 409 4448 Hie
423 4389 577 4467 Capelluc,
591 4392 697 4452 literas
715 4393 770 4455 ’ut
789 4391 958 4472 aliquando
973 4397 1188 4479 consonanter,
1200 4403 1341 4482 aliquan·

170 4496 173 4504 ,
207 4469 251 4530 elo
264 4488 339 4534 vero
358 4471 482 4532 vocales
494 4471 566 4550 ell'e,
581 4473 663 4535 clare
674 4473 827 4558 agnoscit.
