2908 4832
181 237 242 332 70
400 288 405 298 .
457 253 460 258 ¹
490 217 554 304 De
585 219 754 303 Genuum
783 221 1027 328 Antiquitate

239 423 308 508 Ex
345 420 571 532 praedidlia
613 450 637 503 a
674 416 918 529 Eplrraemo
941 405 1088 529 ‘Syros
1132 421 1320 514 habuisse
1374 457 1378 465 ·

174 543 339 658 punlla
361 543 523 626 vocalia
545 547 682 649 Syros,
705 543 833 652 plane
851 539 992 652 p'atet;
1016 568 1057 627 et
1083 547 1183 630 hinc
1204 555 1319 636 redte
1421 619 1427 628 .

175 663 418 752 elariffimus
440 665 663 748 Michaelis
683 666 1037 750 verifimillimum
1058 668 1135 750 elle
1158 675 1319 779 pundla
1439 727 1443 734 -

174 791 339 875 vocalia
363 787 604 870 obtinuillc
637 791 752 898 apud
786 791 1000 874 Hebraeos
1048 797 1320 905 caeterosque

108 1005 114 1014 ,
176 910 403 996 orientales
451 911 583 1019 longe
619 933 722 994 ante
758 911 946 994 seculum
984 915 1163 1013 sextum,
1229 947 1318 1024 quo

173 1061 371 1146 tempore
403 1036 607 1118 novitatis
640 1033 901 1142 punctorum
933 1036 1145 1120 vocalium
1172 1039 1317 1124 anilo*
1390 1089 1400 1101 ·

174 1187 242 1252 rea
282 1157 372 1242 sine
412 1157 501 1240 ulla
538 1157 652 1238 bona
691 1157 776 1256 fide
817 1159 1028 1257 historiae,
1065 1157 1224 1269 punila'
1253 1164 1355 1249 ina„

140 1271 157 1292 ’
173 1302 307 1366 venta
328 1279 448 1362 inille
469 1308 495 1362 a
527 1279 777 1362 Masorethis
804 1265 1095 1366 contendunt.
1127 1281 1145 1396 (
1166 1281 1202 1397 ).

172 1461 176 1476 ·
204 1401 541 1490 ·.Eruditillrmus
558 1401 724 1498 Gallus,
742 1403 818 1510 qui
839 1397 882 1484 in
903 1405 1197 1514 Eucylopedia
1218 1408 1318 1488 hac·

172 1547 298 1610 tenus
348 1523 583 1608 memorati
624 1525 751 1606 nobis
788 1524 1004 1608 literarum
1044 1529 1317 1610 orientalium

131 1713 135 1720 .
173 1651 388 1734 historiam
425 1645 667 1743 contexuit,
703 1645 862 1757 puntla
901 1649 1113 1754 quaedam
1153 1651 1318 1731 vocalia

168 1772 351 1884 linguae
389 1771 608 1854 Hebraeae
649 1771 945 1878 Arabicaeque
981 1793 1139 1852 coaeva
1173 1770 1313 1871 fuiffe,
1421 1780 1425 1788 '

169 1897 412 1988 existimat;
446 1884 829 2000 atquonumer‘um
862 1892 1071 1976 vocalium
1102 1895 1346 2008 Hebraeo·¹

171 2043 271 2104 rum
304 2041 400 2102 tum
437 2015 608 2100 aurium
652 2013 786 2110 fuille,
830 2017 1053 2126 postquam
1075 2016 1318 2126 linguailla

177 2139 409 2225 vernacula
430 2137 511 2232 effe
532 2137 728 2239 desierat,
752 2140 909 2221 censet.
935 2135 1014 2251 (p).
1176 2179 1316 2268 Nobis

215 2323 263 2408 (a)
287 2273 481 2386 boetiffinus
493 2319 654 2381 Michaelis
667 2303 708 2378 e'x
718 2319 779 2376 hoe
792 2317 860 2376 loco
874 2319 936 2379 haec
960 2289 1147 2386 constelan’a
1163 2325 1317 2391 deducit}

171 2400 1316 2566 t·132nul-eir‹alumenqueturrem:

175 2577 199 2644 ‘f
221 2587 289 2633 tum
303 2568 424 2628 vocales
437 2563 584 2639 habuill'e,
606 2587 636 2640 a,
653 2567 675 2639 i,
694 2583 719 2637 e,
742 2577 965 2642 nonnunquam
980 2579 1087 2628 tamen
1103 2591 1128 2642 e,
1144 2593 1174 2643 a,
1188 2595 1222 2646 y,
1243 2593 1315 2651 pro.

174 2659 199 2692 “
219 2649 382 2713 nuncians
397 2667 526 2728 nueqne
539 2651 613 2708 haec
627 2663 716 2706 mera
729 2645 920 2720 conjectura,
936 2647 990 2710 sed
1004 2663 1042 2710 ut
1056 2652 1144 2710 Cosri
1156 2653 1236 2712 libro
1251 2669 1317 2714 tres

133 2785 134 2790 ,
173 2737 198 2773 ¹‘
219 2729 313 2796 modo
334 2731 456 2792 vocales
481 2731 699 2802 numerantur,
727 2725 862 2804 Kanate,
890 2726 1019 2804 Petraia,
1042 2743 1077 2790 et
1095 2731 1204 2809 Shiler,
1230 2737 1264 2796 h.
1285 2757 1313 2799 e.
1442 2749 1447 2756 '

176 2821 199 2852 “
221 2838 251 2890 a,
268 2835 294 2888 e,
311 2813 357 2872 ι’.”
400 2824 429 2888 3,
452 2815 475 2847 “
497 2815 577 2906 Engo
592 2827 629 2870 eo
649 2807 716 2888 ipso
731 2825 873 2884 tempore
894 2829 955 2887 quo
985 2817 1102 2890 purrdla
1119 2815 1241 2875 vocalia
1258 2821 1316 2876 ha·

175 2901 199 2934 “
219 2893 336 2957 bebant
345 2885 525 2968 orientales,
538 2913 573 2952 1n
585 2889 742 2970 lapidibus
754 2888 819 2946 illic
832 2907 895 2950 non
909 2891 1081 2953 utebantur
1094 2921 1103 2962 ς
1127 2915 1182 2954 nec
1196 2897 1318 2974 lapidee

177 2983 200 3016 “
220 2991 255 3038 et
272 2977 459 3038 numismata
477 2973 665 3035 Phoenicum
686 2985 719 3030 et
744 2969 955 3032 Hebraeorum
977 2975 1145 3057 quidquam
1164 2977 1203 3036 ad
1222 2999 1316 3056 quae·

165 3053 197 3096 '⁴‘
218 3057 349 3118 stionem
365 3055 404 3116 de
420 3057 608 3135 antiquitate
629 3055 818 3132 punctorum
836 3052 1069 3115 discernendam
1088 3055 1243 3117 faciunt.’'
1286 3079 1316 3135 4.

174 3145 198 3180 “
220 3143 300 3222 Ergo
313 3139 449 3212 vocales,
470 3157 545 3218 quaa
560 3137 593 3198 in
609 3131 815 3199 Masorethici
830 3134 1003 3196 Bibliorutn
1018 3137 1157 3197 editione
1172 3139 1315 3218 legimur,

176 3227 200 3262 ⁴‘
221 3234 286 3284 non
300 3222 370 3282 sunt
384 3219 540 3299 antiquae,
554 3219 628 3279 licet
641 3213 776 3277 Hebraei
789 3215 912 3274 vocales
924 3216 1098 3298 antiquitis
1113 3219 1317 3282 habuerint.''
1429 3267 1437 3280 .

173 3301 419 3367 itidemne.
438 3301 616 3403 Gottingens.
633 3311 667 3378 p.
686 3307 754 3370 tyb.
769 3295 876 3376 etseq,
899 3309 959 3374 410,
977 3297 1137 3372 'Bracmaq
1163 3301 1252 3378 1763.

217 3383 266 3470 (p)
291 3389 313 3421 “
336 3387 393 3444 Les
421 3381 527 3444 dodica
546 3381 733 3442 Hebraisans
748 3391 803 3436 ont
818 3395 858 3435 eu
873 3377 911 3438 de
926 3381 1059 3460 grnndes
1073 3381 1211 3460 disputes
1226 3399 1315 3445 entre

172 3473 197 3508 ‘⁸
217 3466 339 3528 euxsur
352 3461 499 3546 l'origine
510 3461 735 3542 etl'antiquiti
746 3458 960 3538 deteapoints
971 3460 1051 3522 etde
1066 3481 1116 3522 cea
1132 3485 1254 3534 acccna;
1269 3467 1316 3526 lea

174 3555 198 3590 ‘⁴
219 3567 288 3622 una,
336 3537 1317 3626 runexctsdezetqontpretendusoutenirquecertequantire‘
1446 3549 1448 3556 '

174 3637 199 3670 “
219 3649 259 3710 pr
301 3629 417 3710 igieuse
445 3627 486 3686 de
504 3625 611 3767 solnta
632 3637 666 3684 et
686 3623 826 3684 d'accens
845 3621 921 3683 etoit
939 3621 1013 3684 anisa
1032 3627 1182 3688 ancienne
1196 3647 1255 3708 qne
1271 3630 1317 3688 lee
1433 3657 1441 3676 ·

172 3719 196 3752 ⁴‘
217 3714 327 3771 lettres
347 3707 485 3777 minicae
519 3727 589 3768 eura
613 3705 819 3775 adversalres,
844 3725 885 3764 au
904 3705 1073 3778 contraire,
1097 3725 1155 3770 ont
1179 3709 1313 3769 lbntenil

173 3798 197 3832 ‘¹
218 3787 435 3874 qu’ilaitoient
443 3807 616 3864 nouveaux,
623 3787 700 3848 etde
707 3785 897 3846 l'invention
906 3785 960 3846 dea
971 3789 1156 3864 Mallbretea,
1167 3790 1314 3871 quitrou·

174 3879 199 3918 ‘t
217 3887 330 3934 vetent
343 3873 373 3934 le
386 3891 501 3952 moyen
512 3871 551 3931 de
564 3873 641 3932 lixer
654 3871 686 3930 la
700 3867 790 3946 leqon
803 3865 847 3927 du
859 3883 928 3928 text
941 3867 1036 3942 sacre,
1046 3890 1103 3950 par
1113 3871 1316 3951 l'appolirion

175 3959 199 3995 “
220 3955 259 4017 de
281 3974 329 4016 eea
356 3953 612 4034 points-voyellea
646 3965 678 4010 et
699 3949 887 4009 dee'autrea
911 3969 1092 4030 remarques
1114 3955 1313 4036 marginales.

175 4043 199 4077 “
221 4037 302 4098 Mais
316 4037 341 4096 il
354 4057 375 4115 y
391 4057 421 4111 a,
430 4037 465 4114 je
477 4036 568 4110 erola,
586 4051 628 4094 un
641 4032 751 4094 milieu
765 4051 784 4090 a
798 4031 933 4110 prendre
944 4046 1033 4094 entre
1047 4034 1128 4094 deux
1144 4037 1312 4096 sentimens

173 4127 196 4159 u
217 4119 381 4196 fiopposr'a
393 4105 406 4186 ς’
429 4117 456 4176 a
475 4116 500 4174 il
518 4137 541 4196 y
558 4136 600 4175 ne
620 4114 712 4254 suffit
732 4133 792 4194 que
814 4112 854 4172 de
869 4109 996 4174 re‘dnire
1008 4129 1090 4176 cette
1128 4120 1313 4178 cnei-tration

170 4207 193 4241 ‘¹
216 4199 420 4278 Hebraiquca
439 4197 472 4258 la
486 4193 648 4278 srmplicite'
685 4215 703 4254 e
718 4193 750 4254 la
764 4195 971 4274 punctuation
984 4197 1095 4272 Arabe,
1118 4215 1151 4260 et
1166 4221 1207 4260 on
1222 4219 1315 4260 verra

172 4287 196 4321 ‘³
217 4303 278 4364 que
300 4295 371 4341 tout
384 4281 414 4339 le
428 4279 506 4340 reste
519 4283 572 4340 n'a
585 4278 633 4338 e'ti.
643 4278 704 4338 ima
729 4277 778 4336 'ne
791 4297 850 4356 que
864 4297 944 4354 pour
958 4297 1002 4338 un
1014 4279 1082 4357 plus
1095 4282 1215 4360 grande
1224 4301 1313 4340 exac-

172 4371 196 4404 “
217 4362 333 4436 titude,
347 4357 362 4420 i
378 4363 465 4422 cause
486 4359 567 4420 dela
580 4299 737 4440 profonfi
753 4356 934 4420 veneratior
945 4379 1003 4439 que
1015 4363 1081 4422 l'on
1103 4385 1122 4424 a
1141 4383 1180 4422 eu
1190 4382 1272 4442 pour
1285 4363 1317 4419 le

174 4452 198 4484 “
219 4459 306 4508 texte
322 4443 454 4516 He'brem
477 4443 555 4502 &c.’‘
598 4441 672 4502 Vid.
689 4443 812 4501 Recaer'l
829 4441 861 4498 de
871 4442 1006 4520 planches
1015 4443 1073 4521 sar
1088 4447 1129 4504 les
1137 4449 1267 4524 scientes
1283 4455 1312 4500 er
1431 4513 1432 4518 ἵ

63 4603 129 4611 μ
168 4531 209 4588 lea
225 4541 298 4608 ms,
314 4539 342 4587 et
355 4527 397 4588 les
414 4525 607 4606 clarefieresj
620 4537 648 4588 ee
661 4522 820 4603 t'alphabee
833 4525 866 4584 de
882 4525 1015 4606 langues,
1031 4539 1103 4605 part
1118 4530 1142 4588 1.
1161 4541 1194 4604 p.
1213 4545 1241 4588 r.
1258 4542 1287 4585 ι.
1423 4551 1426 4560 >
