2942 4836
9 3611 11 3752 i

251 179 713 304 'narrator
773 213 1161 296 cnrunxxvt
1218 235 1304 322 447

192 442 215 496 a
234 412 305 514 '7⁹13
333 413 503 506 devotus,
536 412 733 519 separatus.
779 405 975 515 Separated
987 434 1026 486 or
1043 408 1257 510 cmffecrared
1270 430 1306 490 te

201 527 311 618 Gna„
351 531 383 602 Α
404 527 464 619 lli,
482 524 692 602 obstrinxit.
748 521 839 600 Vid.
862 547 967 600 num.
994 523 1100 602 2082
1118 521 1190 628 (q).

141 645 264 746 3076.
294 630 425 734 'lim
463 633 729 724 vindemiabis,
760 631 897 742 asiug.
921 658 973 710 m.
1003 631 1118 728 lilii!
1139 657 1161 734 3
1181 634 1231 740 pl.
1253 659 1307 713 m.

197 749 265 829 sut.
279 773 305 838 Ιι
331 743 381 852 sp.
427 749 459 822 A
482 747 563 843 '¹33³
575 783 643 861 pa,
664 769 766 850 prop.
786 739 910 832 secuit,
932 743 1109 848 praecidit
1124 765 1307 852 tanquam

198 857 447 938 vindemiator
464 882 565 952 uuas,
580 851 837 932 vindemiavit.
857 850 977 934 Tocut
988 879 1027 930 or
1035 851 1158 958 guther
1167 872 1309 959 grnpet.

145 994 267 1073 3077.
292 971 398 1048 ven.
429 992 490 1046 ro.
510 961 604 1066 lii]
635 963 745 1070 Prnp‘.
770 963 969 1070 spontanea
987 963 1117 1053 fluxio,
1147 965 1309 1046 libertas.

198 1079 356 1184 Literni,
371 1075 542 1184 freedom,
568 1090 694 1176 power
712 1096 746 1152 ro
760 1102 803 1182 go
823 1074 924 1154 about
942 1093 981 1151 at
993 1069 1163 1181 plensure.
1196 1077 1309 1156 Sum,

200 1217 262 1271 ma
289 1192 350 1266 illa
375 1190 519 1266 libertas
546 1211 662 1293 qnam
691 1187 783 1265 nihil
813 1183 996 1292 praepedit
1022 1204 1085 1262 aut
1112 1183 1310 1294 restringit.

202 1303 240 1380 A
259 1301 338 1394 ἾἹῚ,
352 1330 405 1414 Νι
433 1295 585 1403 copiose
602 1295 707 1377 fluxit
731 1298 790 1376 vel
809 1293 939 1376 effusus
960 1295 1028 1374 fuit
1050 1325 1058 1371 :
1097 1295 1311 1404 Opponirur

204 1405 375 1504 enimsi,
405 1427 440 1486 et
461 1409 525 1488 hic
545 1406 719 1486 alluditur
738 1435 758 1484 a
778 1407 955 1514 propheta
982 1403 1051 1484 lfa.
1070 1407 1136 1484 lxi.
1161 1432 1196 1488 1.

148 1525 271 1623 3078.
293 1497 459 1608 ᾌῬΜ.
479 1519 525 1626 pl.
553 1497 690 1618 D‘bpi'
705 1519 892 1619 jubilatio,
921 1544 1026 1624 prop.
1047 1515 1219 1624 frequens
1239 1519 1310 1600 int·

204 1627 336 1742 pulsus,
358 1631 571 1719 comitatus,
593 1653 745 1735 pompa,
774 1653 796 1706 a
817 1651 842 1728 5
861 1623 913 1735 sp.
934 1606 1047 1712 *Uin
1066 1627 1311 1818 cumdppmps

1133 1763 1156 1814 a
1213 1757 1310 1834 uxrt,

188 1863 233 1946 (l
256 1859 333 1926 Dies
355 1856 538 1937 sabbaticus,
566 1857 597 1922 in
646 1879 684 1922 uo
709 1854 849 1924 homines
872 1851 1077 1942 quiescebant,
1108 1855 1210 1951 ¹docuit
1232 1837 1313 1942 ipsos

146 1885 227 2015 fuiss:
243 1947 379 2030 Jebovae
394 1972 403 2022 ;
420 1959 450 2007 et
467 1963 559 2010 annus
576 1880 757 2021 Sabinaricus,
773 1943 804 2009 in
822 1941 882 2028 ¹quo
898 1943 1010 2028 quievit
1026 1963 1115 2022 terra,
1133 1942 1234 2008 docuit
1250 1961 1314 2008 ter·

146 2057 212 2100 ram
228 2030 308 2100 fuisse
321 2029 465 2116 Jebovae.
505 2029 555 2094 De
571 2029 629 2095 hoc
644 2045 804 2115 praecepto
820 2031 950 2114 primum
963 2029 1094 2117 legimus
1110 2027 1208 2095 Exod.
1222 2028 1313 2094 xxiii.

153 2141 203 2185 ιο.
220 2141 268 2184 ιι.
288 2117 411 2182 novales
426 2135 514 2202 agros
526 2133 610 2181 cerro
622 2134 760 2201 ternpore
772 2115 899 2201 relinqui
914 2117 990 2213 apud
1006 2136 1112 2182 omnes
1126 2114 1191 2182 fere
1206 2134 1315 2204 gentes

150 2203 269 2286 constat¹
282 2225 291 2268 ι
310 2205 367 2268 Sed
382 2203 412 2268 id
427 2204 624 2287 paradoxum,
638 2205 717 2286 quod
731 2201 868 2268 omnibus
883 2219 975 2268 totius
991 2201 1156 2266 Palestinae
1171 2225 1187 2268 a
1211 2201 1250 2266 tis
1263 2222 1314 2266 eo-

151 2292 222 2356 dem
237 2310 318 2354 anno
333 2287 497 2366 novalibus,
512 2287 592 2352 nulla
604 2287 730 2352 omnino
746 2305 810 2352 etat
828 2308 906 2352 anno
921 2283 1049 2370 septimo
1065 2286 1168 2353 mellis.
1225 2285 1315 2353 ostiis
1369 2323 1373 2334 ‚

151 2375 314 2441 Michaelis
323 2395 432 2440 annum
442 2372 627 2444 Sabbatieum
641 2373 874 2459 potentissimum
888 2391 993 2438 contra
1003 2373 1114 2439 famem
1127 2371 1316 2440 fuissereme·

152 2465 250 2543 diunt,
264 2479 361 2548 patres
375 2459 572 2540 familiarum,
587 2460 705 2544 aliquod
721 2456 838 2544 semper
852 2459 993 2524 frumenti
1009 2477 1171 2546 cogentem
1185 2457 1314 2541 servate,

152 2549 311 2637 legemque
325 2545 561 2632 sapientissimam
576 2567 594 2610 a
611 2541 708 2622 Mose,
719 2563 827 2630 utpote
840 2543 1021 2633 legissatore,
1037 2546 1202 2611 institutam
1219 2544 1315 2622 fuisse,

152 2651 187 2699 et
204 2633 292 2704 santis
305 2631 471 2698 remedium
489 2631 642 2718 potentius
656 2651 760 2718 regum
776 2631 921 2720 granariis
937 2627 1016 2696 fuisse
1032 2649 1126 2718 potat.
1150 2631 1229 2698 Tale
1244 2631 1319 2718 quid
1332 2696 1336 2708 ,

152 2719 225 2784 huic
246 2719 309 2818 legi
332 2717 429 2784 simile
453 2719 503 2784 vix
526 2720 602 2804 apud
627 2718 699 2782 ullas
719 2736 827 2805 gentes
847 2716 982 2802 reperiri,
1004 2717 1052 2782 vir
1074 2717 1177 2782 dusius
1192 2717 1314 2784 fatetur.

153 2807 213 2870 Sed
228 2808 315 2869 venia
331 2806 405 2868 tanti
421 2803 478 2867 viri
492 2804 601 2869 dislum
614 2801 662 2882 sit,
687 2825 794 2868 annum
822 2803 1009 2868 Sabbaticum
1034 2803 1207 2888 prudentiae
1231 2803 1316 2870 civili

154 2906 216 2956 tam
231 2889 411 2956 contrarium
428 2887 482 2954 else
498 2889 605 2966 videri,
629 2907 660 2952 ut
680 2889 757 2954 serre
773 2889 862 2954 talem
881 2889 980 2984 legem
995 2886 1097 2956 Moses
1109 2891 1160 2954 vix
1177 2887 1258 2956 ausus
1271 2887 1317 2956 es·

154 2972 210 3056 ser,
233 2975 285 3042 nist
307 2973 361 3040 srbi
382 2973 434 3055 ipsi
455 2975 588 3042 conscius
604 2973 684 3050 esset,
707 2974 735 3039 se
759 2975 984 3124 illiuspehovae
1001 2977 1134 3064 legatum
1150 2973 1241 3052 fuisse,
1266 2975 1318 3060 qui

153 3057 206 3126 suo
219 3081 302 3144 nutu,
317 3064 494 3147 propriaque
510 3063 654 3146 porentia,
670 3057 782 3126 sextam
798 3082 845 3126 me
870 3084 931 3141 ern,
946 3059 1066 3128 effetum
1083 3065 1208 3147 quodam
1223 3063 1318 3127 modo

154 3147 282 3234 quinque
295 3145 489 3234 superioribus
506 3149 639 3214 messibus
654 3168 738 3234 agro,
755 3146 880 3231 reliquas
894 3169 1000 3212 omncs
1014 3147 1150 3216 ubertate
1166 3147 1319 3233 l'uperatu·
1414 3195 1417 3203 ,

156 3253 234 3314 ram,
247 3237 370 3302 reddere
386 3251 512 3318 poterat.
528 3233 567 3298 Et
584 3229 650 3298 sane
663 3234 715 3298 vix
726 3231 870 3298 credibile
882 3232 998 3298 videtur
1010 3233 1102 3300 ullum
1118 3235 1320 3321 legissatorem

158 3318 251 3386 talem
268 3321 368 3406 legem
385 3323 524 3398 laturum,
552 3317 604 3385 nist
622 3317 718 3394 illum,
742 3319 790 3402 qui
805 3319 846 3382 est
859 3337 942 3404 pater
954 3321 1084 3405 pluviae,
1128 3339 1318 3404 utrarumque
1368 3317 1374 3328 ’

157 3405 236 3469 rotis
248 3408 383 3502 genitor,
394 3405 500 3491 quique
514 3405 589 3470 solus
605 3404 794 3490 tempestates
809 3403 966 3492 frugiferas
981 3408 1051 3470 dare
1063 3343 1158 3494 podir.
1173 3405 1254 3472 Hinc
1268 3427 1319 3471 an·

154 3512 208 3555 nus
232 3491 317 3556 hicce
332 3491 505 3555 Sabbaticns
524 3513 564 3556 ex
587 3511 643 3556 una
659 3509 756 3577 parte,
778 3488 941 3554 fertilitatis
957 3509 1054 3556 terrae
1069 3491 1256 3560 cananaeae¹
1268 3489 1319 3556 sub

157 3576 275 3662 speciali
291 3575 656 3659 benedidioneJebovae,
671 3593 878 3664 argumentum
894 3593 957 3641 erat
973 3599 980 3640 ι
1001 3577 1125 3644 Haeccc
1140 3581 1199 3660 lex,
1214 3595 1243 3642 nt
1255 3595 1321 3642 tota

157 3677 240 3726 terra
259 3666 366 3728 eodem
382 3683 461 3726 atino
477 3663 596 3726 novalis
609 3662 695 3740 esset,
721 3681 751 3727 ut
770 3661 837 3727 fidei
860 3663 1056 3744 exercituum,
1078 3667 1122 3731 ita
1142 3685 1194 3752 pet
1216 3679 1322 3730 eruum

158 3769 247 3814 curae
261 3747 381 3816 divinae
394 3769 467 3899 ersga
479 3769 529 3812 eos
545 3748 651 3836 pignus
666 3747 882 3834 suppeditabat,
900 3748 968 3814 vid.⁴
979 3772 1038 3814 ver.
1055 3767 1104 3815 ar.
1120 3769 1169 3816 aa·
1197 3687 1323 3815 inacte·

158 3855 210 3897 rea
225 3835 319 3900 nullas
334 3837 371 3898 ab
385 3835 415 3899 hi
444 3834 531 3898 oricis
544 3836 637 3900 fames
654 3853 799 3898 annorum
815 3834 1038 3914 Sabbaticorum
1054 3837 1215 3902 memorari
1254 3851 1326 3904 atet.

159 3917 276 3985 Verum
289 3920 406 4005 quidem
424 3919 477 3998 est,
501 3921 604 4006 legem
620 3921 734 3984 hancce
749 3920 786 3984 ab
806 3920 943 3986 Israelitis
969 3921 1018 3986 diu
1043 3924 1209 4009 negledam
1228 3857 1323 4003 sitisse,

162 4001 269 4089 eosque
286 4028 397 4105 poenas
412 4007 471 4070 hoc
488 4005 517 4070 in
536 4009 604 4070 loco
620 4003 732 4071 aMose·
746 4026 927 4072 memoratas
941 4006 1061 4081 dedisse,
1076 4011 1163 4110 plane
1176 4025 1297 4160 apparet
1315 4033 1324 4074 :
1343 4033 1347 4040 ·

160 4091 195 4155 In
213 4093 271 4154 hoc
286 4113 367 4160 enrtn
384 4094 493 4174 capite,
512 4113 668 4158 numerum
686 4113 833 4156 annorum
849 4091 934 4157 exilii
951 4094 1123 4178 babylonici
1148 4116 1202 4182 apu

163 4176 254 4241 miam
275 4197 488 4254 memoratum,
510 4180 719 4263 ausloremque
745 4177 899 4258 librorum,
913 4179 1148 4257 Chronicorum,
1171 4180 1324 4254 aChron.

162 4261 269 4326 xxxvi.
286 4283 335 4327 ιι.
350 4263 506 4343 habemus,
531 4266 578 4332 ubi
596 4266 672 4329 haec
687 4264 790 4346 verba,
812 4264 914 4349 quibus
932 4265 992 4332 usus
1011 4266 1054 4332 est
1074 4265 1190 4346 Moses,
1203 4283 1325 4352 extant,

165 4347 264 4414 donec
278 4351 394 4440 rim
410 4352 555 4435 rependet
570 4369 649 4418 terra
662 4350 787 4418 Sabbata
802 4345 863 4434 sua,
885 4349 946 4434 ubi,
968 4353 1013 4421 uti
1035 4353 1082 4420 Cl.
1095 4351 1256 4422 Michaelis
1274 4355 1325 4417 ad·

1194 4438 1324 4518 notarit,

1241 4095 1325 4182 Jere·
