2924 4832
188 238 249 380 44
469 215 532 351 De
562 251 796 378 latiiqui'tate
821 227 860 354 e
889 273 1064 358 Utilitate

255 471 334 556 Sed
352 471 450 553 huic
469 471 666 556 affinitati
686 475 904 586 utriulilue
922 481 1095 586 linguae
1112 473 1332 588 objicitur,

192 601 290 700 cum
335 620 512 702 propter
552 601 768 678 confusam
813 601 927 682 illam
971 601 1338 710 lignificntionnm

191 718 517 802 multitudinem
549 723 731 826 quaein
766 721 909 802 lexicis
942 725 1113 832 Giggcji
1146 747 1185 804 et
1216 725 1336 806 Golii

192 842 269 926 sub
303 839 387 920 und
419 842 561 925 radice
593 842 712 952 saepe
745 871 981 954 comparet,
1028 869 1118 926 tum
1159 871 1340 951 propter

194 961 496 1055 diverfitatem,
549 964 655 1072 quin
710 993 903 1074 pugnarn
958 967 1334 1074 fignificationum‚

174 1078 304 1195 ¹quac
336 1087 380 1165 in
415 1084 596 1166 dialeclo
629 1089 821 1194 Hebraei
852 1113 893 1168 et
919 1089 1097 1171 Arabica
1131 1117 1336 1170 nonnun-

194 1235 323 1318 quam
367 1235 591 1291 occurrcre
630 1211 1221 1297 rideatur.-Obl'ervandnrn
1248 1211 1337 1322 ¹cst,

198 1357 239 1418 1.
276 1327 578 1412 Diffenstonem
608 1330 724 1412 illam
757 1335 1009 1442 plerumque
1030 1333 1157 1440 culpi
1183 1335 1344 1413 lexico*

194 1455 457 1566 graphorum
498 1452 615 1548 oriri,
659 1457 816 1562 quibus
859 1458 924 1536 vel
969 1485 1055 1536 non
1100 1457 1191 1534 latis
1232 1456 1342 1536 lucis

194 1577 330 1682 saepe,
363 1575 428 1654 vel
455 1602 539 1654 non
563 1574 654 1655 sati«
678 1605 820 1670 curae,
853 1581 916 1660 vel
944 1607 1028 1660 non
1053 1580 1145 1657 satis
1171 1578 1337 1684 copiae,

197 1701 251 1785 ad
292 1695 537 1806 primariam
579 1700 824 1812 potestatem
861 1699 939 1780 rite
975 1701 1335 1780 constituendam.

200 1853 243 1912 2·
280 1819 529 1902 Differentia
552 1819 637 1916 illa,
662 1824 764 1928 quin
790 1823 1091 1929 repugnantia,
1117 1817 1340 1929 l'aepiffime

198 1947 244 2031 in
280 1941 466 2023 dialellis
501 1941 586 2022 und
617 1945 741 2051 llirpe
776 1946 900 2033 nixis,
936 1973 988 2024 ert
1021 1945 1337 2040 differentibus,

198 2069 304 2180 quin
328 2067 685 2174 repugnantibus,
721 2054 979 2172 metaphoris
1012 2089 1053 2147 ct
1088 2065 1339 2147 notionibus

196 2189 453 2274 secundariis
486 2187 712 2281 enascitur,
750 2215 930 2294 quarum
971 2190 1075 2270 aliae
1114 2189 1191 2277 his,
1232 2189 1339 2268 aliae

198 2293 473 2418 illis³populis
498 2308 693 2415 placitae,
717 2309 970 2392 discordiam
993 2313 1038 2391 in
1062 2310 1222 2390 lummb
1237 2335 1342 2390 con·

199 2431 348 2519 cordia
368 2432 575 2521 effecere;
608 2457 736 2537 quam
767 2433 888 2538 origo
918 2436 1081 2514 detecta
1112 2459 1211 2512 mox
1235 2459 1340 2513 con·

201 2559 347 2640 ciliarc
382 2554 434 2634 ad
468 2557 795 2662 jucundamque
835 2554 1100 2636 harmoniam
1138 2581 1339 2634 revocare

200 2677 353 2792 potest.
416 2704 455 2779 3.
494 2679 540 2756 ln
568 2677 768 2756 omnibus
791 2677 964 2783 linguae
987 2678 1161 2785 alicujus
1185 2677 1340 2778 dialec-

203 2804 271 2891 tis,
307 2801 468 2906 semper
498 2801 707 2906 quaedam
741 2799 858 2906 priva
887 2823 927 2880 et
952 2799 1178 2907 fingularia
1203 2801 1340 2880 obier-

171 2924 295 3008 sari
330 2919 518 3032 poliunt,
551 2949 662 3030 quae
699 2949 923 3030 nunquam
961 2921 1200 3006 commun-is
1232 2924 1341 3032 juris

1222 3041 1340 3127 fuisse

202 3255 228 3290 “
248 3247 386 3311 ferentia
401 3247 440 3306 ab
456 3247 609 3309 Hebraicti
624 3259 693 3306 erat
708 3247 828 3308 tantam
844 3244 1020 3321 dialectica,
1042 3249 1091 3309 uti
1111 3261 1144 3308 et
1158 3244 1253 3306 bodie
1268 3265 1342 3304 con·

168 3387 175 3402 ,
204 3339 228 3372 “
249 3332 319 3404 stat,
344 3343 407 3389 tam
431 3350 469 3390 ex
491 3327 721 3410 grammaticali
742 3344 833 3408 parre
855 3329 887 3386 in
909 3331 966 3406 qui
987 3330 1188 3410 praecipuum
1210 3327 1344 3406 ponitur

203 3419 229 3452 “
247 3415 425 3493 linguarum
443 3410 605 3483 criterion,
630 3429 719 3488 quam
743 3431 781 3470 ex
802 3408 943 3488 pluribus
958 3411 1082 3468 vocibus
1103 3428 1263 3488 quaecum
1281 3411 1344 3466 He-

203 3501 227 3536 “
248 3492 349 3553 bracia
364 3495 545 3564 consonant,
562 3507 593 3551 et
609 3513 628 3550 a
643 3491 872 3552 characteribus
888 3490 926 3550 ab
944 3491 1095 3552 Hebraico
1107 3491 1274 3570 alphabeto
1290 3489 1344 3548 de·
1447 3497 1450 3518 ⁴

203 3579 227 3613 “
249 3574 337 3634 flexis
351 3601 358 3640 ς
371 3573 552 3651 primitivis
567 3572 689 3652 quidem
707 3572 843 3646 vocibus,
864 3570 999 3650 procella
1015 3574 1176 3653 temporis,
1197 3571 1345 3650 superad-

202 3659 228 3696 “
249 3653 335 3714 ditae
352 3655 423 3728 sunt
438 3655 533 3725 aliae,
555 3653 697 3712 infinitae
713 3655 805 3728 aliae,
828 3653 877 3712 sed
899 3675 976 3732 quae
997 3655 1031 3712 in
1054 3654 1347 3726 Arabit11atae,et

202 3739 227 3774 “
249 3753 312 3796 non
328 3733 456 3794 aliunde
470 3735 592 3812 petitae
610 3757 617 3793 t
649 3737 726 3794 Nam
742 3740 819 3794 haec
834 3735 943 3814 lingua
959 3735 1090 3796 Arabica
1106 3756 1165 3814 prae
1181 3735 1250 3794 aliis
1267 3755 1348 3811 ptra

202 3817 226 3858 δ’
249 3831 282 3876 et
303 3815 446 3875 immixta
467 3817 522 3888 est,
549 3817 685 3894 exceptis
706 3817 826 3895 aliquot
846 3815 1144 3882 medicamentorum
1167 3815 1348 3876 nominibus

203 3903 228 3976 .“
251 3895 386 3974 Perficis,
409 3911 442 3956 et
462 3899 568 3978 paucis
591 3897 714 3956 vocibus
736 3898 868 3970 Latinis,
889 3917 966 3976 quae
981 3916 1038 3976 per
1053 3899 1135 3958 bella
1151 3913 1183 3958 et
1199 3917 1266 3956 ctnn
1285 3900 1347 3958 Ro·

204 3983 228 4017 “
247 3978 348 4040 manis
372 3979 618 4059 negotiationem
646 3995 789 4060 receptae
812 3981 893 4052 ibnt,
920 3993 954 4039 et
977 3979 1055 4039 urbe
1078 3979 1223 4040 donatae.
1265 3979 1349 4040 Aliis

201 4066 227 4101 ¹‘
247 4080 328 4140 pura
349 4057 402 4131 est,
434 4075 468 4120 et
487 4061 587 4121 omnis
608 4061 769 4135 mixtionis
791 4080 926 4140 τιμῆς
953 4059 1047 4140 idque
1072 4061 1188 4142 partim
1217 4075 1348 4139 propter

202 4146 227 4179 “
248 4139 482 4202 multircciinem
500 4141 651 4201 librorum
669 4156 701 4201 et
716 4145 913 4222 scriptorum,
930 4143 1039 4222 quibus
1054 4143 1164 4224 lingua
1177 4141 1217 4202 lic
1233 4141 1349 4219 scripta

198 4227 227 4287 ,“
249 4221 429 4294 servataest
445 4223 590 4306 integrm
618 4237 650 4283 et
669 4225 784 4304 partim
808 4225 881 4306 quia
902 4225 1018 4284 Arabes
1038 4228 1156 4304 semper
1177 4223 1265 4285 fuere
1285 4223 1347 4284 liu·

191 4307 226 4386 .“
245 4324 327 4386 guae
344 4303 413 4365 snae
430 4305 564 4366 cultores
579 4303 791 4381 studiofissssmi,
814 4305 895 4388 poefi
913 4320 945 4365 et
958 4309 1193 4386 grammaticae,
1214 4325 1292 4384 quae
1307 4305 1349 4367 ad

191 4389 225 4458 ,“
247 4385 419 4464 puritatem
439 4399 478 4462 ‚et
500 4388 543 4446 lin
570 4409 627 4447 uae
649 4387 885 4448 cultivationcm
909 4390 1061 4467 spedant,
1084 4387 1209 4458 deditill
1218 4387 1260 4446 mi
1278 4413 1287 4456 t
1315 4401 1350 4460 et

194 4470 225 4548 .“
248 4465 364 4548 partim
389 4483 521 4546 propter
545 4410 679 4546 deserta,
705 4484 738 4530 et
763 4471 921 4554 regionem
946 4469 1189 4542 inarcclibilctn,
1217 4490 1238 4528 a
1254 4469 1352 4528 nullis

202 4549 225 4582 ⁰‘
247 4569 385 4632 unquam
395 4551 774 4638 hostibmnbjugatam.”
811 4549 886 4622 Vid.
898 4550 1098 4638 H)·d.Differt.
1112 4555 1189 4620 all·
1202 4564 1234 4632 p·
1245 4565 1350 4630 llos·
