2924 4832
181 270 241 362 ta
470 265 532 350 De
562 266 795 370 Antiquitate
825 280 860 342 et
891 254 1065 340 Utilitate
1080 299 1085 304 -κ
1130 293 1138 302 -
1249 220 1251 224 ’

187 473 507 568 luconstantlis
530 496 571 554 et
604 468 721 552 fatali
753 465 1090 573 imperiorutna
1123 467 1253 562 gente
1285 445 1334 528 in

186 625 363 718 gentem
398 595 688 687 transsatione,
723 592 776 671 ad
805 583 1113 670 Mobarnnredis
1136 597 1335 680 tempora

188 725 420 844 propagari
443 724 596 802 haecce
618 715 801 798 affinitas
826 704 1055 818 potuillet?

198 860 202 870 ’
253 853 416 933 Verum
446 845 622 952 quidem
652 839 724 934 est,
760 835 823 915 uti
845 861 910 912 res
931 831 1143 910 humanae
1167 817 1339 900 instabi·
1414 837 1432 860 ·

191 978 253 1060 les
289 973 401 1065 sunt,
445 969 613 1074 lingua's
649 963 693 1042 't'n
735 981 899 1039 moreni
937 948 1128 1032 fluminis
1170 935 1338 1047 longius

118 1133 121 1142 ·
191 1090 444 1208 longiusque
473 1120 496 1171 a
523 1086 715 1170 fontibus
742 1079 1046 1160 descendentes
1080 1067 1227 1148 l'enlinr
1263 1089 1342 1169 pu·

194 1222 367 1308 ritatem
390 1215 601 1308 amittere,
633 1209 700 1290 vel
732 1201 976 1286 exterorum
1009 1186 1275 1288 commerciis
1299 1201 1343 1262 et

197 1337 408 1452 contagiis
447 1332 684 1441 corrumpi,
733 1329 799 1406 vel
839 1345 1049 1404 novorum
1088 1314 1343 1392 colonorum

197 1445 594 1576 iminigrationibus
634 1453 789 1541 vitiari,
836 1447 900 1525 vel
935 1432 1169 1523 vit‘lriciurn
1204 1434 1342 1510 art'no·

199 1587 298 1677 ¹rum
321 1583 362 1669 ii
385 1607 427 1668 et
450 1575 622 1664 'saevitia
642 1577 821 1656 omnino
845 1567 985 1649 obrui.
1226 1557 1233 1564 '

264 1713 499 1797 Puritatem
538 1705 637 1783 vero
677 1697 848 1804 linguae
891 1685 1097 1769 Arabicae
1135 1677 1345 1758 illibatam

204 1839 492 1924 conservatam
518 1821 650 1917 fuiffe,
677 1847 762 1900 non
788 1809 952 1894 tantlun
978 1835 1051 1916 per
1074 1801 1249 1913 Jolttani
1272 1827 1349 1906 po·

192 1963 347 2056 steros,
387 1949 681 2055 Ilhmaellsquc
714 1940 893 2052 prolem,
935 1923 1082 2040 parlun
1116 1906 1348 2002 admodum

205 2119 230 2172 a
252 2075 508 2196 primigenii
530 2073 654 2179 stirpe
678 2061 989 2144 defleclentem,
1024 2045 1202 2157 patebit,
1245 2041 1274 2120 st
1300 2039 1352 2121 sr-

79 2241 81 2254 '
206 2235 301 2295 tunt
338 2205 464 2312 liujus
506 2191 753 2306 peninsulae
793 2173 1061 2266 inacceffum,
1107 2164 1351 2270 incolasque

207 2335 303 2422 suos
341 2329 394 2410 ab
433 2321 553 2402 omni
590 2316 631 2396 vi
668 2305 846 2392 externi
883 2301 1046 2379 securos
1080 2289 1350 2379 reddentem,

208 2457 460 2570 spoliemus.
498 2445 562 2524 Ex
584 2433 671 2518 uni
693 2452 828 2542 parte,
855 2443 1031 2503 naturae
1052 2413 1179 2520 ipfius
1203 2422 1351 2505 ntanu',

210 2581 292 2668 suis
310 2575 447 2661 arenis
467 2597 491 2649 a
508 2563 675 2668 reliquo
695 2573 901 2633 terrarum
922 2541 1024 2618 orbe
1043 2533 1255 2614 dillociata
1271 2531 1354 2624 est;
1438 2595 1443 2610 ,

213 2697 430 2800 exalter&
462 2669 563 2770 vero
597 2701 731 2790 parte,
776 2667 962 2750 maribus
996 2657 1135 2739 infidis
1169 2652 1353 2750 munita,

212 2828 352 2916 itaut
385 2811 595 2900 thurifera
628 2801 698 2880 illa
731 2793 863 2896 regio,
908 2783 1049 2862 saltem
1090 2777 1229 2856 media
1268 2777 1358 2881 ejus
1456 2777 1458 2832 ³

209 2952 331 3066 pars,
363 2969 443 3025 nec
467 2965 489 3014 a
512 2923 725 3010 veteribus
749 2935 940 3015 unquam
964 2903 1184 3009 explorata
1205 2895 1356 2996 fuerit,
1456 2971 1458 2988 .

215 3100 260 3160 ct
282 3067 431 3157 nostris
454 3048 601 3137 seculis
624 3043 695 3120 vix
718 3035 808 3113 latis
834 3027 1098 3136 perlustrata.
1382 3099 1386 3108 Ι

224 3211 225 3214 ’
282 3200 346 3278 Ex
380 3187 458 3266 srtu
488 3169 612 3278 bu'jus
643 3153 902 3268 peninsulae‚
938 3149 1098 3228 Arabes
1123 3131 1281 3230 Felices
1304 3151 1361 3230 ab
1457 3159 1458 3192 ³

216 3317 339 3406 omni
355 3315 465 3420 jugo
486 3309 667 3375 externo
689 3275 813 3357 liberi
834 3291 984 3354 erant:
1018 3269 1220 3376 Regnum
1244 3273 1362 3356 enim

158 3507 159 3514 ,
246 3429 569 3527 oktanidarum,
624 3405 666 3483 in
707 3397 887 3479 Arabiae
924 3415 1073 3473 centro
1112 3393 1361 3493 stabilitum,

203 3542 318 3674 ‘ejus'
339 3532 594 3654 regnatricis
626 3516 772 3602 domis
806 3515 1265 3624 auspiciisfelicillunia
1295 3537 1364 3598 ter

218 3667 418 3771 millenos
458 3651 628 3737 circiter
660 3669 796 3724 annos
829 3638 1014 3733 duravit,
1064 3661 1192 3744 atque
1225 3638 1365 3720 seculo

95 3865 114 3889 -.
221 3808 399 3885 demunt
432 3784 549 3863 sexto
582 3769 702 3850 AErae
731 3763 992 3845 Christianae
1019 3759 1247 3841 Habellrnis
1281 3759 1368 3843 fuit

219 3909 488 4012 subversum,
512 3893 639 4008 paulo
660 3909 760 3972 ante
783 3883 1099 3967 Mobammedis
1120 3905 1262 3964 ortum
1282 3877 1367 3997 (p)

1064 4061 1067 4070 2
1193 4004 1366 4114 Religio

230 4210 233 4216 ¹
264 4223 312 4311 (p)
339 4223 418 4282 Tres
434 4208 541 4271 causae
552 4215 701 4300 acernae
715 4197 919 4277 incorruptae
932 4193 1061 4274 linguae
1073 4187 1223 4250 Arabicae
1238 4187 1372 4294 integri-

223 4310 302 4372 tatis
323 4301 364 4362 ad
386 4285 612 4360 Muhammcdts
628 4296 772 4358 tempora
792 4279 882 4337 fuere
896 4295 976 4334 t-r.
1000 4273 1123 4333 Exteris
1137 4271 1302 4331 inaccellits
1317 4271 1373 4330 slle

222 4379 298 4451 fittts
313 4377 495 4464 peninsulae
512 4367 674 4436 Arabicae,
696 4358 736 4418 ad
758 4361 844 4437 cujus
865 4371 1007 4415 centrum
1030 4373 1088 4414 nec
1110 4354 1296 4419 commercia
1316 4367 1375 4412 nec

224 4465 382 4565 connubia
411 4451 660 4538 alienigenarum
688 4457 827 4524 unquam
855 4435 1074 4522 penetrarunt,
1105 4437 1217 4522 quibu,
1246 4437 1387 4578 baffi
