<?xml version="1.0" encoding="UTF-8"?>
<!DOCTYPE html PUBLIC "-//W3C//DTD XHTML 1.0 Transitional//EN"
    "http://www.w3.org/TR/xhtml1/DTD/xhtml1-transitional.dtd">
<html xmlns="http://www.w3.org/1999/xhtml" xml:lang="en" lang="en">
 <head>
  <title>
</title>
<meta http-equiv="Content-Type" content="text/html;charset=utf-8" />
  <meta name='ocr-system' content='tesseract 3.04.00' />
  <meta name='ocr-capabilities' content='ocr_page ocr_carea ocr_par ocr_line ocrx_word'/>
</head>
<body>
  <div class='ocr_page' id='page_1' title='image "./clavispentateuc00robegoog_0036.png"; bbox 0 0 2924 4832; ppageno 0'>
   <div class='ocr_carea' id='block_1_1' title="bbox 120 2473 506 2551">
    <p class='ocr_par' dir='ltr' id='par_1_1' title="bbox 120 2473 506 2551">
     <span class='ocr_line' id='line_1_1' title="bbox 120 2473 506 2551; baseline -0.003 -20"><span class='ocrx_word' id='word_1_1' title='bbox 120 2531 125 2537; x_wconf 86' lang='grc'><em>,</em></span> <span class='ocrx_word' id='word_1_2' title='bbox 200 2483 224 2513; x_wconf 85' lang='lat'><em>“</em></span> <span class='ocrx_word' id='word_1_3' title='bbox 245 2474 380 2551; x_wconf 55' lang='lat' dir='ltr'>perio-li,</span> <span class='ocrx_word' id='word_1_4' title='bbox 397 2473 506 2551; x_wconf 87' lang='lat' dir='ltr'>quibus</span> 
     </span>
    </p>
   </div>
   <div class='ocr_carea' id='block_1_2' title="bbox 175 165 1139 295">
    <p class='ocr_par' dir='ltr' id='par_1_2' title="bbox 175 165 1139 295">
     <span class='ocr_line' id='line_1_2' title="bbox 175 165 1139 295; baseline 0.001 -3"><span class='ocrx_word' id='word_1_5' title='bbox 175 205 287 292; x_wconf 59' lang='lat' dir='ltr'>axo</span> <span class='ocrx_word' id='word_1_6' title='bbox 392 199 637 295; x_wconf 77' lang='lat' dir='ltr'>rna</span> <span class='ocrx_word' id='word_1_7' title='bbox 700 205 734 287; x_wconf 79' lang='lat' dir='ltr'>e</span> <span class='ocrx_word' id='word_1_8' title='bbox 797 208 835 290; x_wconf 81' lang='grc' dir='ltr'>Α</span> <span class='ocrx_word' id='word_1_9' title='bbox 899 165 1021 292; x_wconf 79' lang='lat' dir='ltr'>r‘r</span> <span class='ocrx_word' id='word_1_10' title='bbox 1083 199 1139 292; x_wconf 87' lang='lat' dir='ltr'>o.</span> 
     </span>
    </p>
   </div>
   <div class='ocr_carea' id='block_1_3' title="bbox 178 407 1399 1620">
    <p class='ocr_par' dir='ltr' id='par_1_3' title="bbox 178 407 1399 1378">
     <span class='ocr_line' id='line_1_3' title="bbox 183 407 1328 522; baseline 0.007 -29"><span class='ocrx_word' id='word_1_11' title='bbox 183 412 378 498; x_wconf 78' lang='lat' dir='ltr'>vaderet,</span> <span class='ocrx_word' id='word_1_12' title='bbox 422 407 504 514; x_wconf 75' lang='lat' dir='ltr'>quit</span> <span class='ocrx_word' id='word_1_13' title='bbox 538 431 627 489; x_wconf 88' lang='lat' dir='ltr'>tota</span> <span class='ocrx_word' id='word_1_14' title='bbox 662 413 832 514; x_wconf 80' lang='lat' dir='ltr'>Europa</span> <span class='ocrx_word' id='word_1_15' title='bbox 872 439 946 512; x_wconf 88' lang='lat' dir='ltr'>per</span> <span class='ocrx_word' id='word_1_16' title='bbox 981 417 1143 522; x_wconf 84' lang='lat' dir='ltr'>aliquot</span> <span class='ocrx_word' id='word_1_17' title='bbox 1176 418 1328 516; x_wconf 89' lang='lat' dir='ltr'>secula,</span> 
     </span>
     <span class='ocr_line' id='line_1_4' title="bbox 186 535 1399 639; baseline 0.007 -25"><span class='ocrx_word' id='word_1_18' title='bbox 186 561 286 615; x_wconf 86' lang='lat' dir='ltr'>ante</span> <span class='ocrx_word' id='word_1_19' title='bbox 311 553 503 612; x_wconf 81' lang='lat' dir='ltr'>exortam</span> <span class='ocrx_word' id='word_1_20' title='bbox 533 561 631 612; x_wconf 89' lang='lat' dir='ltr'>cum</span> <span class='ocrx_word' id='word_1_21' title='bbox 658 535 903 639; x_wconf 79' lang='lat' dir='ltr'>linguarum</span> <span class='ocrx_word' id='word_1_22' title='bbox 941 560 1029 636; x_wconf 86' lang='lat' dir='ltr'>tum</span> <span class='ocrx_word' id='word_1_23' title='bbox 1061 540 1331 622; x_wconf 75' lang='lat' dir='ltr'>scientiarum</span> <span class='ocrx_word' id='word_1_24' title='bbox 1394 583 1399 594; x_wconf 59' lang='grc'><strong>’</strong></span> 
     </span>
     <span class='ocr_line' id='line_1_5' title="bbox 178 655 1332 764; baseline 0.004 -28"><span class='ocrx_word' id='word_1_25' title='bbox 178 655 498 764; x_wconf 63' lang='lat' dir='ltr'>cognitionem,</span> <span class='ocrx_word' id='word_1_26' title='bbox 523 657 672 734; x_wconf 83' lang='lat' dir='ltr'>¹lecolo</span> <span class='ocrx_word' id='word_1_27' title='bbox 699 659 868 736; x_wconf 89' lang='lat' dir='ltr'>decimo</span> <span class='ocrx_word' id='word_1_28' title='bbox 892 661 1021 752; x_wconf 85' lang='lat' dir='ltr'>sexto,</span> <span class='ocrx_word' id='word_1_29' title='bbox 1057 667 1209 740; x_wconf 86' lang='lat' dir='ltr'>obruta</span> <span class='ocrx_word' id='word_1_30' title='bbox 1242 673 1332 742; x_wconf 87' lang='lat' dir='ltr'>tue-</span> 
     </span>
     <span class='ocr_line' id='line_1_6' title="bbox 178 781 1335 882; baseline 0.003 -24"><span class='ocrx_word' id='word_1_31' title='bbox 178 781 597 882; x_wconf 80' lang='lat' dir='ltr'>rat.-Maximique</span> <span class='ocrx_word' id='word_1_32' title='bbox 622 784 828 860; x_wconf 76' lang='lat' dir='ltr'>momenti</span> <span class='ocrx_word' id='word_1_33' title='bbox 851 783 920 874; x_wconf 86' lang='lat' dir='ltr'>est,</span> <span class='ocrx_word' id='word_1_34' title='bbox 956 807 1001 862; x_wconf 91' lang='lat' dir='ltr'>ut</span> <span class='ocrx_word' id='word_1_35' title='bbox 1026 811 1047 862; x_wconf 90' lang='lat' dir='ltr'>a</span> <span class='ocrx_word' id='word_1_36' title='bbox 1075 786 1335 880; x_wconf 79' lang='lat' dir='ltr'>tenerisun-</span> 
     </span>
     <span class='ocr_line' id='line_1_7' title="bbox 188 901 1333 1014; baseline 0.009 -37"><span class='ocrx_word' id='word_1_37' title='bbox 188 901 346 1010; x_wconf 88' lang='lat' dir='ltr'>guibus</span> <span class='ocrx_word' id='word_1_38' title='bbox 372 913 537 1006; x_wconf 77' lang='lat' dir='ltr'>pectora</span> <span class='ocrx_word' id='word_1_39' title='bbox 561 905 798 1008; x_wconf 79' lang='lat' dir='ltr'>theologiae</span> <span class='ocrx_word' id='word_1_40' title='bbox 822 905 1096 985; x_wconf 88' lang='lat' dir='ltr'>studiosorum</span> <span class='ocrx_word' id='word_1_41' title='bbox 1124 908 1270 1014; x_wconf 79' lang='lat' dir='ltr'>primia</span> <span class='ocrx_word' id='word_1_42' title='bbox 1292 937 1333 986; x_wconf 87' lang='lat' dir='ltr'>e·</span> 
     </span>
     <span class='ocr_line' id='line_1_8' title="bbox 188 1023 1334 1129; baseline 0.003 -24"><span class='ocrx_word' id='word_1_43' title='bbox 188 1023 385 1105; x_wconf 78' lang='lat' dir='ltr'>lenientis</span> <span class='ocrx_word' id='word_1_44' title='bbox 409 1023 577 1129; x_wconf 80' lang='lat' dir='ltr'>linguae</span> <span class='ocrx_word' id='word_1_45' title='bbox 604 1027 817 1102; x_wconf 80' lang='lat' dir='ltr'>Hebraeae</span> <span class='ocrx_word' id='word_1_46' title='bbox 840 1026 1089 1108; x_wconf 88' lang='lat' dir='ltr'>imbuantur</span> <span class='ocrx_word' id='word_1_47' title='bbox 1116 1061 1125 1120; x_wconf 81' lang='lat'>3</span> <span class='ocrx_word' id='word_1_48' title='bbox 1165 1030 1334 1108; x_wconf 87' lang='lat' dir='ltr'>sienim</span> 
     </span>
     <span class='ocr_line' id='line_1_9' title="bbox 188 1141 1333 1256; baseline 0.004 -31"><span class='ocrx_word' id='word_1_49' title='bbox 188 1147 455 1225; x_wconf 80' lang='lat' dir='ltr'>adoleverint</span> <span class='ocrx_word' id='word_1_50' title='bbox 475 1143 875 1253; x_wconf 73' lang='lat' dir='ltr'>ju‘veoes‚·.studioor</span> <span class='ocrx_word' id='word_1_51' title='bbox 903 1151 1143 1256; x_wconf 84' lang='lat' dir='ltr'>linguarum</span> <span class='ocrx_word' id='word_1_52' title='bbox 1170 1154 1215 1229; x_wconf 69' lang='lat' dir='ltr'>iia</span> <span class='ocrx_word' id='word_1_53' title='bbox 1244 1141 1333 1229; x_wconf 83' lang='lat' dir='ltr'>non</span> 
     </span>
     <span class='ocr_line' id='line_1_10' title="bbox 189 1270 1330 1378; baseline -0.001 -26"><span class='ocrx_word' id='word_1_54' title='bbox 189 1275 322 1352; x_wconf 90' lang='lat' dir='ltr'>modo</span> <span class='ocrx_word' id='word_1_55' title='bbox 344 1297 429 1348; x_wconf 92' lang='lat' dir='ltr'>non</span> <span class='ocrx_word' id='word_1_56' title='bbox 446 1271 706 1378; x_wconf 84' lang='lat' dir='ltr'>jucundum,</span> <span class='ocrx_word' id='word_1_57' title='bbox 734 1270 945 1348; x_wconf 79' lang='lat' dir='ltr'>sedetiam</span> <span class='ocrx_word' id='word_1_58' title='bbox 969 1275 1186 1351; x_wconf 84' lang='lat' dir='ltr'>molestum</span> <span class='ocrx_word' id='word_1_59' title='bbox 1207 1271 1330 1353; x_wconf 65' lang='lat' dir='ltr'>fiat.</span> 
     </span>
    </p>

    <p class='ocr_par' dir='ltr' id='par_1_4' title="bbox 193 1390 1332 1620">
     <span class='ocr_line' id='line_1_11' title="bbox 260 1390 1331 1484; baseline 0.004 -12"><span class='ocrx_word' id='word_1_60' title='bbox 260 1394 438 1484; x_wconf 74' lang='lat' dir='ltr'>Utilitas,</span> <span class='ocrx_word' id='word_1_61' title='bbox 453 1396 586 1471; x_wconf 92' lang='lat' dir='ltr'>immo</span> <span class='ocrx_word' id='word_1_62' title='bbox 603 1390 828 1482; x_wconf 60' lang='lat' dir='ltr'>necesitas,</span> <span class='ocrx_word' id='word_1_63' title='bbox 841 1391 1331 1476; x_wconf 65' lang='lat' dir='ltr'>&#39;oocteno-Heronemm</span> 
     </span>
     <span class='ocr_line' id='line_1_12' title="bbox 193 1514 1332 1620; baseline -0.001 -23"><span class='ocrx_word' id='word_1_64' title='bbox 193 1518 545 1620; x_wconf 87' lang='lat' dir='ltr'>Graecarumque</span> <span class='ocrx_word' id='word_1_65' title='bbox 569 1514 830 1618; x_wconf 79' lang='lat' dir='ltr'>linguarum,</span> <span class='ocrx_word' id='word_1_66' title='bbox 866 1514 939 1594; x_wconf 90' lang='lat' dir='ltr'>suh</span> <span class='ocrx_word' id='word_1_67' title='bbox 970 1519 1139 1597; x_wconf 84' lang='lat' dir='ltr'>initium</span> <span class='ocrx_word' id='word_1_68' title='bbox 1175 1518 1332 1598; x_wconf 83' lang='lat' dir='ltr'>decimi</span> 
     </span>
    </p>
   </div>
   <div class='ocr_carea' id='block_1_4' title="bbox 161 1621 1332 1868">
    <p class='ocr_par' dir='ltr' id='par_1_5' title="bbox 161 1621 1332 1868">
     <span class='ocr_line' id='line_1_13' title="bbox 178 1621 1332 1748; baseline 0 -29"><span class='ocrx_word' id='word_1_69' title='bbox 178 1621 321 1720; x_wconf 80' lang='lat' dir='ltr'>&#39;seculi</span> <span class='ocrx_word' id='word_1_70' title='bbox 340 1637 518 1741; x_wconf 88' lang='lat' dir='ltr'>septimi,</span> <span class='ocrx_word' id='word_1_71' title='bbox 544 1636 600 1714; x_wconf 90' lang='lat' dir='ltr'>ita</span> <span class='ocrx_word' id='word_1_72' title='bbox 621 1636 832 1742; x_wconf 58' lang='lat' dir='ltr'>perspecta</span> <span class='ocrx_word' id='word_1_73' title='bbox 852 1635 947 1728; x_wconf 82' lang='lat' dir='ltr'>fnit,</span> <span class='ocrx_word' id='word_1_74' title='bbox 973 1665 1018 1719; x_wconf 91' lang='lat' dir='ltr'>ut</span> <span class='ocrx_word' id='word_1_75' title='bbox 1043 1669 1064 1718; x_wconf 85' lang='lat' dir='ltr'>a</span> <span class='ocrx_word' id='word_1_76' title='bbox 1086 1642 1209 1720; x_wconf 85' lang='lat' dir='ltr'>variis</span> <span class='ocrx_word' id='word_1_77' title='bbox 1235 1638 1332 1748; x_wconf 78' lang='grc' dir='ltr'>ριό·Ι</span> 
     </span>
     <span class='ocr_line' id='line_1_14' title="bbox 161 1757 1332 1868; baseline 0.001 -26"><span class='ocrx_word' id='word_1_78' title='bbox 161 1827 164 1832; x_wconf 88' lang='grc'>.</span> <span class='ocrx_word' id='word_1_79' title='bbox 192 1762 443 1842; x_wconf 86' lang='lat' dir='ltr'>testantibus</span> <span class='ocrx_word' id='word_1_80' title='bbox 461 1757 643 1840; x_wconf 81' lang='lat' dir='ltr'>ecetefiis</span> <span class='ocrx_word' id='word_1_81' title='bbox 665 1759 866 1838; x_wconf 88' lang='lat' dir='ltr'>statutum</span> <span class='ocrx_word' id='word_1_82' title='bbox 891 1759 953 1852; x_wconf 87' lang='lat' dir='ltr'>lit,</span> <span class='ocrx_word' id='word_1_83' title='bbox 982 1762 1032 1841; x_wconf 73' lang='lat' dir='ltr'>ne</span> <span class='ocrx_word' id='word_1_84' title='bbox 1055 1767 1094 1840; x_wconf 92' lang='lat' dir='ltr'>in</span> <span class='ocrx_word' id='word_1_85' title='bbox 1120 1763 1332 1868; x_wconf 84' lang='lat' dir='ltr'>posterum</span> 
     </span>
    </p>
   </div>
   <div class='ocr_carea' id='block_1_5' title="bbox 196 1881 1333 1992">
    <p class='ocr_par' dir='ltr' id='par_1_6' title="bbox 196 1881 1333 1992">
     <span class='ocr_line' id='line_1_15' title="bbox 196 1881 1333 1992; baseline 0.002 -28"><span class='ocrx_word' id='word_1_86' title='bbox 196 1886 419 1992; x_wconf 89' lang='lat' dir='ltr'>quisquam</span> <span class='ocrx_word' id='word_1_87' title='bbox 450 1883 502 1964; x_wconf 94' lang='lat' dir='ltr'>ad</span> <span class='ocrx_word' id='word_1_88' title='bbox 534 1881 693 1962; x_wconf 75' lang='lat' dir='ltr'>lacrum</span> <span class='ocrx_word' id='word_1_89' title='bbox 726 1881 1000 1964; x_wconf 79' lang='lat' dir='ltr'>ministerium</span> <span class='ocrx_word' id='word_1_90' title='bbox 1033 1886 1237 1966; x_wconf 80' lang='lat' dir='ltr'>studiosus</span> <span class='ocrx_word' id='word_1_91' title='bbox 1260 1889 1333 1966; x_wconf 89' lang='lat' dir='ltr'>ad-</span> 
     </span>
    </p>
   </div>
   <div class='ocr_carea' id='block_1_6' title="bbox 1077 2009 1333 2104">
    <p class='ocr_par' dir='ltr' id='par_1_7' title="bbox 1077 2009 1333 2104">
     <span class='ocr_line' id='line_1_16' title="bbox 1077 2009 1333 2104; baseline 0.012 -18"><span class='ocrx_word' id='word_1_92' title='bbox 1077 2009 1333 2104; x_wconf 84' lang='lat' dir='ltr'>mitteretur,</span> 
     </span>
    </p>
   </div>
   <div class='ocr_carea' id='block_1_7' title="bbox 197 2141 1342 3042">
    <p class='ocr_par' dir='ltr' id='par_1_8' title="bbox 197 2141 1340 2528">
     <span class='ocr_line' id='line_1_17' title="bbox 197 2141 1334 2226; baseline 0 -18"><span class='ocrx_word' id='word_1_93' title='bbox 197 2153 222 2187; x_wconf 91' lang='lat'><strong>“</strong></span> <span class='ocrx_word' id='word_1_94' title='bbox 244 2141 363 2226; x_wconf 77' lang='lat' dir='ltr'>cunque</span> <span class='ocrx_word' id='word_1_95' title='bbox 380 2145 486 2206; x_wconf 70' lang='lat' dir='ltr'>eadem</span> <span class='ocrx_word' id='word_1_96' title='bbox 502 2161 617 2218; x_wconf 88' lang='lat' dir='ltr'>mente,</span> <span class='ocrx_word' id='word_1_97' title='bbox 640 2143 746 2206; x_wconf 84' lang='lat' dir='ltr'>eodem</span> <span class='ocrx_word' id='word_1_98' title='bbox 763 2143 859 2207; x_wconf 87' lang='lat' dir='ltr'>animi</span> <span class='ocrx_word' id='word_1_99' title='bbox 874 2145 967 2222; x_wconf 87' lang='lat' dir='ltr'>statu,</span> <span class='ocrx_word' id='word_1_100' title='bbox 986 2160 1152 2226; x_wconf 83' lang='lat' dir='ltr'>utrumque</span> <span class='ocrx_word' id='word_1_101' title='bbox 1167 2147 1334 2226; x_wconf 73' lang='lat' dir='ltr'>legerantt</span> 
     </span>
     <span class='ocr_line' id='line_1_18' title="bbox 198 2227 1337 2306; baseline 0.003 -23"><span class='ocrx_word' id='word_1_102' title='bbox 198 2237 224 2269; x_wconf 83' lang='lat'><strong>“</strong></span> <span class='ocrx_word' id='word_1_103' title='bbox 278 2229 327 2286; x_wconf 89' lang='lat' dir='ltr'>oid</span> <span class='ocrx_word' id='word_1_104' title='bbox 350 2227 389 2286; x_wconf 87' lang='lat' dir='ltr'>ad</span> <span class='ocrx_word' id='word_1_105' title='bbox 414 2229 531 2287; x_wconf 85' lang='lat' dir='ltr'>Esaiam</span> <span class='ocrx_word' id='word_1_106' title='bbox 553 2231 660 2288; x_wconf 85' lang='lat' dir='ltr'>Cicero</span> <span class='ocrx_word' id='word_1_107' title='bbox 680 2230 690 2286; x_wconf 79' lang='lat' dir='ltr'>l</span> <span class='ocrx_word' id='word_1_108' title='bbox 715 2235 752 2288; x_wconf 89' lang='lat' dir='ltr'>Et</span> <span class='ocrx_word' id='word_1_109' title='bbox 768 2229 843 2306; x_wconf 84' lang='lat' dir='ltr'>qnid</span> <span class='ocrx_word' id='word_1_110' title='bbox 859 2231 1016 2288; x_wconf 76' lang='lat' dir='ltr'>Ciceronis</span> <span class='ocrx_word' id='word_1_111' title='bbox 1032 2228 1163 2287; x_wconf 85' lang='lat' dir='ltr'>blandae</span> <span class='ocrx_word' id='word_1_112' title='bbox 1178 2230 1255 2286; x_wconf 89' lang='lat' dir='ltr'>illae</span> <span class='ocrx_word' id='word_1_113' title='bbox 1268 2227 1337 2286; x_wconf 91' lang='lat' dir='ltr'>inst·</span> 
     </span>
     <span class='ocr_line' id='line_1_19' title="bbox 198 2309 1336 2390; baseline -0.002 -20"><span class='ocrx_word' id='word_1_114' title='bbox 198 2317 224 2350; x_wconf 84' lang='lat'><strong><em>“</em></strong></span> <span class='ocrx_word' id='word_1_115' title='bbox 245 2311 420 2382; x_wconf 75' lang='lat' dir='ltr'>nuationeS,</span> <span class='ocrx_word' id='word_1_116' title='bbox 446 2310 484 2368; x_wconf 85' lang='lat' dir='ltr'>atl</span> <span class='ocrx_word' id='word_1_117' title='bbox 502 2311 571 2367; x_wconf 79' lang='lat' dir='ltr'>vira</span> <span class='ocrx_word' id='word_1_118' title='bbox 587 2325 619 2370; x_wconf 92' lang='lat' dir='ltr'>et</span> <span class='ocrx_word' id='word_1_119' title='bbox 634 2309 752 2390; x_wconf 80' lang='lat' dir='ltr'>gravia,</span> <span class='ocrx_word' id='word_1_120' title='bbox 777 2313 1011 2389; x_wconf 80' lang='lat' dir='ltr'>venerandaque</span> <span class='ocrx_word' id='word_1_121' title='bbox 1027 2311 1093 2388; x_wconf 73' lang='lat' dir='ltr'>ipsi.</span> <span class='ocrx_word' id='word_1_122' title='bbox 1108 2309 1276 2386; x_wconf 83' lang='lat' dir='ltr'>majestate,</span> <span class='ocrx_word' id='word_1_123' title='bbox 1300 2313 1336 2368; x_wconf 86' lang='lat' dir='ltr'>E-</span> 
     </span>
     <span class='ocr_line' id='line_1_20' title="bbox 199 2389 1340 2528; baseline 0.002 -80"><span class='ocrx_word' id='word_1_124' title='bbox 199 2398 223 2434; x_wconf 83' lang='lat'><strong><em>“</em></strong></span> <span class='ocrx_word' id='word_1_125' title='bbox 244 2393 322 2452; x_wconf 84' lang='lat' dir='ltr'>saiae</span> <span class='ocrx_word' id='word_1_126' title='bbox 340 2389 492 2450; x_wconf 78' lang='lat' dir='ltr'>exordia?</span> <span class='ocrx_word' id='word_1_127' title='bbox 521 2391 605 2528; x_wconf 44' lang='lat' dir='ltr'>§qud</span> <span class='ocrx_word' id='word_1_128' title='bbox 620 2389 832 2470; x_wconf 71' lang='lat' dir='ltr'>longaejllab,</span> <span class='ocrx_word' id='word_1_129' title='bbox 849 2413 1024 2470; x_wconf 86' lang='lat' dir='ltr'>quanquam</span> <span class='ocrx_word' id='word_1_130' title='bbox 1041 2393 1233 2460; x_wconf 81' lang='lat' dir='ltr'>natuerosae,</span> <span class='ocrx_word' id='word_1_131' title='bbox 1255 2391 1340 2450; x_wconf 87' lang='lat' dir='ltr'>illitis</span> 
     </span>
    </p>

    <p class='ocr_par' dir='ltr' id='par_1_9' title="bbox 199 2471 1342 3042">
     <span class='ocr_line' id='line_1_21' title="bbox 522 2471 1338 2551; baseline 0.001 -21"><span class='ocrx_word' id='word_1_132' title='bbox 522 2471 541 2529; x_wconf 89' lang='lat' dir='ltr'>st</span> <span class='ocrx_word' id='word_1_133' title='bbox 566 2473 575 2530; x_wconf 92' lang='lat' dir='ltr'>i</span> <span class='ocrx_word' id='word_1_134' title='bbox 592 2472 645 2550; x_wconf 85' lang='lat' dir='ltr'>ipfi</span> <span class='ocrx_word' id='word_1_135' title='bbox 662 2471 835 2544; x_wconf 87' lang='lat' dir='ltr'>blanditur,</span> <span class='ocrx_word' id='word_1_136' title='bbox 855 2471 895 2531; x_wconf 87' lang='lat' dir='ltr'>atl</span> <span class='ocrx_word' id='word_1_137' title='bbox 911 2473 966 2531; x_wconf 88' lang='lat' dir='ltr'>illa</span> <span class='ocrx_word' id='word_1_138' title='bbox 981 2477 1072 2551; x_wconf 85' lang='lat' dir='ltr'>hujus</span> <span class='ocrx_word' id='word_1_139' title='bbox 1089 2487 1252 2544; x_wconf 82' lang='lat' dir='ltr'>commata,</span> <span class='ocrx_word' id='word_1_140' title='bbox 1269 2485 1338 2531; x_wconf 86' lang='lat' dir='ltr'>tum</span> 
     </span>
     <span class='ocr_line' id='line_1_22' title="bbox 199 2551 1340 2632; baseline -0.004 -18"><span class='ocrx_word' id='word_1_141' title='bbox 199 2562 225 2595; x_wconf 76' lang='lat'>‘⁴</span> <span class='ocrx_word' id='word_1_142' title='bbox 246 2557 446 2614; x_wconf 76' lang='lat' dir='ltr'>concitatum</span> <span class='ocrx_word' id='word_1_143' title='bbox 464 2553 553 2629; x_wconf 74' lang='lat' dir='ltr'>plane</span> <span class='ocrx_word' id='word_1_144' title='bbox 563 2554 719 2626; x_wconf 81' lang='lat' dir='ltr'>incisoria,</span> <span class='ocrx_word' id='word_1_145' title='bbox 736 2551 856 2632; x_wconf 79' lang='lat' dir='ltr'>quibua,</span> <span class='ocrx_word' id='word_1_146' title='bbox 873 2568 1020 2632; x_wconf 85' lang='lat' dir='ltr'>tanquam</span> <span class='ocrx_word' id='word_1_147' title='bbox 1037 2553 1262 2629; x_wconf 86' lang='lat' dir='ltr'>conduplicatis</span> <span class='ocrx_word' id='word_1_148' title='bbox 1278 2553 1340 2610; x_wconf 81' lang='lat' dir='ltr'>litl-</span> 
     </span>
     <span class='ocr_line' id='line_1_23' title="bbox 200 2633 1341 2714; baseline 0 -20"><span class='ocrx_word' id='word_1_149' title='bbox 200 2645 226 2677; x_wconf 87' lang='lat'><strong>“</strong></span> <span class='ocrx_word' id='word_1_150' title='bbox 247 2637 391 2708; x_wconf 69' lang='lat' dir='ltr'>ntioibus,</span> <span class='ocrx_word' id='word_1_151' title='bbox 414 2636 688 2693; x_wconf 74' lang='lat' dir='ltr'>contumaciln&#39;nrns</span> <span class='ocrx_word' id='word_1_152' title='bbox 705 2635 836 2713; x_wconf 88' lang='lat' dir='ltr'>quosque</span> <span class='ocrx_word' id='word_1_153' title='bbox 851 2635 1017 2714; x_wconf 74' lang='lat' dir='ltr'>stupefacit</span> <span class='ocrx_word' id='word_1_154' title='bbox 1033 2647 1065 2692; x_wconf 88' lang='lat' dir='ltr'>et</span> <span class='ocrx_word' id='word_1_155' title='bbox 1081 2636 1202 2692; x_wconf 85' lang='lat' dir='ltr'>terret?</span> <span class='ocrx_word' id='word_1_156' title='bbox 1235 2633 1290 2692; x_wconf 85' lang='lat' dir='ltr'>Sed</span> <span class='ocrx_word' id='word_1_157' title='bbox 1308 2651 1341 2694; x_wconf 87' lang='lat' dir='ltr'>ct</span> 
     </span>
     <span class='ocr_line' id='line_1_24' title="bbox 200 2715 1338 2794; baseline -0.002 -17"><span class='ocrx_word' id='word_1_158' title='bbox 200 2725 225 2757; x_wconf 88' lang='lat'><em>“</em></span> <span class='ocrx_word' id='word_1_159' title='bbox 246 2719 330 2777; x_wconf 86' lang='lat' dir='ltr'>inter</span> <span class='ocrx_word' id='word_1_160' title='bbox 351 2721 498 2782; x_wconf 76' lang='lat' dir='ltr'>GraecoS,</span> <span class='ocrx_word' id='word_1_161' title='bbox 523 2716 630 2774; x_wconf 80' lang='lat' dir='ltr'>Cicero</span> <span class='ocrx_word' id='word_1_162' title='bbox 647 2716 710 2794; x_wconf 84' lang='lat' dir='ltr'>ipse</span> <span class='ocrx_word' id='word_1_163' title='bbox 726 2717 911 2790; x_wconf 79' lang='lat' dir='ltr'>AEsehinem,</span> <span class='ocrx_word' id='word_1_164' title='bbox 931 2718 964 2776; x_wconf 91' lang='lat' dir='ltr'>in</span> <span class='ocrx_word' id='word_1_165' title='bbox 980 2717 1034 2774; x_wconf 77' lang='lat' dir='ltr'>illi</span> <span class='ocrx_word' id='word_1_166' title='bbox 1051 2715 1100 2775; x_wconf 83' lang='lat' dir='ltr'>suti</span> <span class='ocrx_word' id='word_1_167' title='bbox 1117 2715 1259 2774; x_wconf 80' lang='lat' dir='ltr'>adversus</span> <span class='ocrx_word' id='word_1_168' title='bbox 1277 2721 1338 2775; x_wconf 88' lang='lat' dir='ltr'>De·</span> 
     </span>
     <span class='ocr_line' id='line_1_25' title="bbox 201 2791 1339 2875; baseline -0.001 -18"><span class='ocrx_word' id='word_1_169' title='bbox 201 2805 226 2838; x_wconf 86' lang='lat'><strong>“</strong></span> <span class='ocrx_word' id='word_1_170' title='bbox 248 2799 434 2857; x_wconf 87' lang='lat' dir='ltr'>tnosthenetn</span> <span class='ocrx_word' id='word_1_171' title='bbox 451 2797 606 2870; x_wconf 86' lang='lat' dir='ltr'>oratione,</span> <span class='ocrx_word' id='word_1_172' title='bbox 630 2797 789 2864; x_wconf 77' lang='lat' dir='ltr'>ntiratur3</span> <span class='ocrx_word' id='word_1_173' title='bbox 819 2791 879 2875; x_wconf 58' lang='lat' dir='ltr'>q&#39;uo</span> <span class='ocrx_word' id='word_1_174' title='bbox 900 2798 968 2856; x_wconf 89' lang='lat' dir='ltr'>loco</span> <span class='ocrx_word' id='word_1_175' title='bbox 995 2798 1053 2856; x_wconf 88' lang='lat' dir='ltr'>sese</span> <span class='ocrx_word' id='word_1_176' title='bbox 1079 2797 1133 2855; x_wconf 88' lang='lat' dir='ltr'>ille</span> <span class='ocrx_word' id='word_1_177' title='bbox 1161 2797 1192 2855; x_wconf 91' lang='lat' dir='ltr'>in</span> <span class='ocrx_word' id='word_1_178' title='bbox 1219 2797 1339 2856; x_wconf 85' lang='lat' dir='ltr'>furores</span> 
     </span>
     <span class='ocr_line' id='line_1_26' title="bbox 199 2877 1341 2957; baseline -0.002 -17"><span class='ocrx_word' id='word_1_179' title='bbox 199 2887 226 2919; x_wconf 84' lang='lat'><em>“</em></span> <span class='ocrx_word' id='word_1_180' title='bbox 248 2893 280 2940; x_wconf 90' lang='lat' dir='ltr'>et</span> <span class='ocrx_word' id='word_1_181' title='bbox 296 2877 434 2938; x_wconf 75' lang='lat' dir='ltr'>convicia</span> <span class='ocrx_word' id='word_1_182' title='bbox 455 2877 598 2951; x_wconf 85' lang='lat' dir='ltr'>effundit,</span> <span class='ocrx_word' id='word_1_183' title='bbox 626 2879 764 2937; x_wconf 83' lang='lat' dir='ltr'>fanatico</span> <span class='ocrx_word' id='word_1_184' title='bbox 781 2899 872 2957; x_wconf 87' lang='lat' dir='ltr'>quam</span> <span class='ocrx_word' id='word_1_185' title='bbox 887 2879 1001 2938; x_wconf 83' lang='lat' dir='ltr'>mentis</span> <span class='ocrx_word' id='word_1_186' title='bbox 1017 2880 1155 2954; x_wconf 87' lang='lat' dir='ltr'>compoti</span> <span class='ocrx_word' id='word_1_187' title='bbox 1171 2880 1311 2957; x_wconf 82' lang='lat' dir='ltr'>propiori</span> <span class='ocrx_word' id='word_1_188' title='bbox 1329 2903 1341 2949; x_wconf 74' lang='grc' dir='ltr'>ε,</span> 
     </span>
     <span class='ocr_line' id='line_1_27' title="bbox 201 2959 1342 3042; baseline 0.006 -29"><span class='ocrx_word' id='word_1_189' title='bbox 201 2967 226 3000; x_wconf 80' lang='lat'><strong>“</strong></span> <span class='ocrx_word' id='word_1_190' title='bbox 249 2960 372 3042; x_wconf 72' lang='lat' dir='ltr'>-Quid</span> <span class='ocrx_word' id='word_1_191' title='bbox 398 2960 454 3017; x_wconf 86' lang='lat' dir='ltr'>illa&#39;</span> <span class='ocrx_word' id='word_1_192' title='bbox 478 2961 686 3037; x_wconf 82' lang='lat' dir='ltr'>eloquentiae,</span> <span class='ocrx_word' id='word_1_193' title='bbox 719 2959 941 3032; x_wconf 78' lang='lat' dir='ltr'>vehementiae,</span> <span class='ocrx_word' id='word_1_194' title='bbox 973 2960 1182 3032; x_wconf 78' lang='lat' dir='ltr'>sublimitatiS,</span> <span class='ocrx_word' id='word_1_195' title='bbox 1214 2961 1342 3034; x_wconf 76' lang='lat' dir='ltr'>liabent,</span> 
     </span>
    </p>
   </div>
   <div class='ocr_carea' id='block_1_8' title="bbox 131 3038 1340 3126">
    <p class='ocr_par' dir='ltr' id='par_1_10' title="bbox 131 3038 1340 3126">
     <span class='ocr_line' id='line_1_28' title="bbox 131 3038 1340 3126; baseline 0 -25"><span class='ocrx_word' id='word_1_196' title='bbox 131 3116 135 3124; x_wconf 93' lang='lat'><em>.</em></span> <span class='ocrx_word' id='word_1_197' title='bbox 202 3048 227 3080; x_wconf 84' lang='lat'><strong>“</strong></span> <span class='ocrx_word' id='word_1_198' title='bbox 251 3045 411 3126; x_wconf 73' lang='lat' dir='ltr'>(Lectores</span> <span class='ocrx_word' id='word_1_199' title='bbox 427 3040 574 3120; x_wconf 84' lang='lat' dir='ltr'>utrinque</span> <span class='ocrx_word' id='word_1_200' title='bbox 589 3038 695 3120; x_wconf 77' lang='lat' dir='ltr'>rogo),</span> <span class='ocrx_word' id='word_1_201' title='bbox 717 3041 754 3099; x_wconf 78' lang='lat' dir='ltr'>ael</span> <span class='ocrx_word' id='word_1_202' title='bbox 772 3043 846 3100; x_wconf 90' lang='lat' dir='ltr'>haec</span> <span class='ocrx_word' id='word_1_203' title='bbox 859 3041 954 3101; x_wconf 86' lang='lat' dir='ltr'>nollri</span> <span class='ocrx_word' id='word_1_204' title='bbox 968 3045 1070 3100; x_wconf 84' lang='lat' dir='ltr'>Esaiae</span> <span class='ocrx_word' id='word_1_205' title='bbox 1081 3041 1214 3119; x_wconf 85' lang='lat' dir='ltr'>paucula</span> <span class='ocrx_word' id='word_1_206' title='bbox 1224 3043 1340 3101; x_wconf 79' lang='lat' dir='ltr'>verba?</span> 
     </span>
    </p>
   </div>
   <div class='ocr_carea' id='block_1_9' title="bbox 181 3121 1456 3282">
    <p class='ocr_par' dir='ltr' id='par_1_11' title="bbox 181 3121 1456 3282">
     <span class='ocr_line' id='line_1_29' title="bbox 181 3121 1456 3206; baseline -0.002 -22"><span class='ocrx_word' id='word_1_207' title='bbox 181 3123 184 3132; x_wconf 77' lang='lat'>&#39;</span> <span class='ocrx_word' id='word_1_208' title='bbox 203 3131 227 3160; x_wconf 91' lang='lat'><strong><em>“</em></strong></span> <span class='ocrx_word' id='word_1_209' title='bbox 251 3125 367 3196; x_wconf 81' lang='lat' dir='ltr'>Audite,</span> <span class='ocrx_word' id='word_1_210' title='bbox 385 3123 472 3196; x_wconf 83' lang='lat' dir='ltr'>Coeli,</span> <span class='ocrx_word' id='word_1_211' title='bbox 495 3124 522 3178; x_wconf 84' lang='lat' dir='ltr'>el</span> <span class='ocrx_word' id='word_1_212' title='bbox 533 3121 647 3180; x_wconf 74' lang='lat' dir='ltr'>uteribus</span> <span class='ocrx_word' id='word_1_213' title='bbox 661 3127 784 3200; x_wconf 78' lang='lat' dir='ltr'>percipe,</span> <span class='ocrx_word' id='word_1_214' title='bbox 799 3123 901 3196; x_wconf 76' lang='lat' dir='ltr'>Terra,</span> <span class='ocrx_word' id='word_1_215' title='bbox 924 3129 1055 3206; x_wconf 72' lang='lat' dir='ltr'>precariam</span> <span class='ocrx_word' id='word_1_216' title='bbox 1066 3124 1145 3180; x_wconf 78' lang='lat' dir='ltr'>Dens</span> <span class='ocrx_word' id='word_1_217' title='bbox 1163 3123 1269 3180; x_wconf 75' lang='lat' dir='ltr'>locales</span> <span class='ocrx_word' id='word_1_218' title='bbox 1281 3121 1342 3198; x_wconf 83' lang='lat' dir='ltr'>est:</span> <span class='ocrx_word' id='word_1_219' title='bbox 1454 3123 1456 3168; x_wconf 70' lang='lat' dir='ltr'>l</span> 
     </span>
     <span class='ocr_line' id='line_1_30' title="bbox 204 3195 1455 3282; baseline 0.001 -18"><span class='ocrx_word' id='word_1_220' title='bbox 204 3211 229 3243; x_wconf 86' lang='lat'><strong>“</strong></span> <span class='ocrx_word' id='word_1_221' title='bbox 251 3208 336 3265; x_wconf 86' lang='lat' dir='ltr'>Filios</span> <span class='ocrx_word' id='word_1_222' title='bbox 348 3209 474 3260; x_wconf 78' lang='lat' dir='ltr'>entrtrr&#39;oi</span> <span class='ocrx_word' id='word_1_223' title='bbox 490 3216 516 3260; x_wconf 79' lang='lat' dir='ltr'>et</span> <span class='ocrx_word' id='word_1_224' title='bbox 528 3207 677 3271; x_wconf 72' lang='lat' dir='ltr'>exar&#39;tat¹i;</span> <span class='ocrx_word' id='word_1_225' title='bbox 701 3206 753 3282; x_wconf 59' lang='grc' dir='ltr'>ἱρή</span> <span class='ocrx_word' id='word_1_226' title='bbox 767 3217 861 3261; x_wconf 72' lang='lat' dir='ltr'>atatem</span> <span class='ocrx_word' id='word_1_227' title='bbox 873 3209 1070 3281; x_wconf 78' lang='lat' dir='ltr'>praevaricati</span> <span class='ocrx_word' id='word_1_228' title='bbox 1084 3206 1150 3276; x_wconf 67' lang='lat' dir='ltr'>,serrat</span> <span class='ocrx_word' id='word_1_229' title='bbox 1166 3211 1343 3265; x_wconf 78' lang='lat' dir='ltr'>cotttra‘me:</span> <span class='ocrx_word' id='word_1_230' title='bbox 1438 3195 1455 3218; x_wconf 65' lang='lat'>&#39;</span> 
     </span>
    </p>
   </div>
   <div class='ocr_carea' id='block_1_10' title="bbox 203 3273 1342 3366">
    <p class='ocr_par' dir='ltr' id='par_1_12' title="bbox 203 3273 1342 3366">
     <span class='ocr_line' id='line_1_31' title="bbox 203 3273 1342 3366; baseline -0.003 -20"><span class='ocrx_word' id='word_1_231' title='bbox 203 3295 228 3324; x_wconf 91' lang='lat'><strong>“</strong></span> <span class='ocrx_word' id='word_1_232' title='bbox 250 3288 386 3366; x_wconf 72' lang='lat' dir='ltr'>Cognovit</span> <span class='ocrx_word' id='word_1_233' title='bbox 418 3282 461 3340; x_wconf 80' lang='lat' dir='ltr'>bot</span> <span class='ocrx_word' id='word_1_234' title='bbox 490 3285 656 3362; x_wconf 74' lang='lat' dir='ltr'>paffefforrm</span> <span class='ocrx_word' id='word_1_235' title='bbox 679 3276 778 3362; x_wconf 67' lang='lat' dir='ltr'>sinim,</span> <span class='ocrx_word' id='word_1_236' title='bbox 812 3300 839 3342; x_wconf 84' lang='lat' dir='ltr'>et</span> <span class='ocrx_word' id='word_1_237' title='bbox 864 3287 957 3366; x_wconf 80' lang='lat' dir='ltr'>crfiatrs</span> <span class='ocrx_word' id='word_1_238' title='bbox 980 3273 1114 3364; x_wconf 71' lang='lat' dir='ltr'>praesepe</span> <span class='ocrx_word' id='word_1_239' title='bbox 1140 3287 1244 3342; x_wconf 66' lang='lat' dir='ltr'>deretini</span> <span class='ocrx_word' id='word_1_240' title='bbox 1262 3287 1342 3362; x_wconf 80' lang='lat' dir='ltr'>siri.-</span> 
     </span>
    </p>
   </div>
   <div class='ocr_carea' id='block_1_11' title="bbox 161 3368 1455 3528">
    <p class='ocr_par' dir='ltr' id='par_1_13' title="bbox 161 3368 1455 3528">
     <span class='ocr_line' id='line_1_32' title="bbox 161 3368 1342 3448; baseline -0.004 -20"><span class='ocrx_word' id='word_1_241' title='bbox 161 3407 165 3418; x_wconf 91' lang='lat'>·</span> <span class='ocrx_word' id='word_1_242' title='bbox 203 3374 228 3407; x_wconf 91' lang='lat'><strong>“</strong></span> <span class='ocrx_word' id='word_1_243' title='bbox 252 3369 346 3448; x_wconf 81' lang='lat' dir='ltr'>lsrael</span> <span class='ocrx_word' id='word_1_244' title='bbox 360 3387 412 3424; x_wconf 68' lang='lat' dir='ltr'>rtur}</span> <span class='ocrx_word' id='word_1_245' title='bbox 431 3372 584 3444; x_wconf 67' lang='lat' dir='ltr'>cognomi,-</span> <span class='ocrx_word' id='word_1_246' title='bbox 609 3369 892 3443; x_wconf 79' lang='lat' dir='ltr'>poprrltrsmeusaon</span> <span class='ocrx_word' id='word_1_247' title='bbox 911 3371 1081 3425; x_wconf 79' lang='lat' dir='ltr'>intellexit:</span> <span class='ocrx_word' id='word_1_248' title='bbox 1114 3368 1172 3426; x_wconf 79' lang='lat' dir='ltr'>Vae</span> <span class='ocrx_word' id='word_1_249' title='bbox 1183 3372 1265 3444; x_wconf 82' lang='lat' dir='ltr'>genti</span> <span class='ocrx_word' id='word_1_250' title='bbox 1277 3381 1342 3441; x_wconf 86' lang='lat' dir='ltr'>pec-</span> 
     </span>
     <span class='ocr_line' id='line_1_33' title="bbox 179 3441 1455 3528; baseline -0.005 -18"><span class='ocrx_word' id='word_1_251' title='bbox 179 3441 183 3448; x_wconf 47' lang='lat'>¹</span> <span class='ocrx_word' id='word_1_252' title='bbox 204 3456 230 3489; x_wconf 87' lang='lat'><strong>“</strong></span> <span class='ocrx_word' id='word_1_253' title='bbox 251 3445 363 3519; x_wconf 69' lang='lat' dir='ltr'>celrici,</span> <span class='ocrx_word' id='word_1_254' title='bbox 378 3451 576 3526; x_wconf 72' lang='lat' dir='ltr'>poproograoi</span> <span class='ocrx_word' id='word_1_255' title='bbox 587 3451 750 3528; x_wconf 75' lang='lat' dir='ltr'>iniquitate,</span> <span class='ocrx_word' id='word_1_256' title='bbox 760 3451 867 3524; x_wconf 75' lang='lat' dir='ltr'>Jerrzhn&#39;</span> <span class='ocrx_word' id='word_1_257' title='bbox 879 3449 1112 3521; x_wconf 56' lang='lat' dir='ltr'>titulorum-filiis</span> <span class='ocrx_word' id='word_1_258' title='bbox 1125 3445 1343 3524; x_wconf 66' lang='lat' dir='ltr'>corruptoribus,</span> <span class='ocrx_word' id='word_1_259' title='bbox 1454 3521 1455 3524; x_wconf 8' lang='grc' dir='ltr'><strong>Ἴ</strong></span> 
     </span>
    </p>
   </div>
   <div class='ocr_carea' id='block_1_12' title="bbox 205 3527 1344 3608">
    <p class='ocr_par' dir='ltr' id='par_1_14' title="bbox 205 3527 1344 3608">
     <span class='ocr_line' id='line_1_34' title="bbox 205 3527 1344 3608; baseline -0.003 -17"><span class='ocrx_word' id='word_1_260' title='bbox 205 3537 229 3568; x_wconf 86' lang='grc'><strong>“</strong></span> <span class='ocrx_word' id='word_1_261' title='bbox 251 3531 416 3606; x_wconf 70' lang='grc' dir='ltr'>8(ο.”--1)ιΙ</span> <span class='ocrx_word' id='word_1_262' title='bbox 432 3529 584 3606; x_wconf 75' lang='lat' dir='ltr'>propheti</span> <span class='ocrx_word' id='word_1_263' title='bbox 596 3529 681 3608; x_wconf 78' lang='lat' dir='ltr'>regio</span> <span class='ocrx_word' id='word_1_264' title='bbox 694 3529 813 3588; x_wconf 80' lang='lat' dir='ltr'>Davitle</span> <span class='ocrx_word' id='word_1_265' title='bbox 829 3529 1017 3606; x_wconf 77' lang='lat' dir='ltr'>pronuntiat</span> <span class='ocrx_word' id='word_1_266' title='bbox 1033 3527 1181 3586; x_wconf 72' lang='lat' dir='ltr'>eruditiss]</span> <span class='ocrx_word' id='word_1_267' title='bbox 1194 3528 1344 3588; x_wconf 86' lang='lat' dir='ltr'>Henricus</span> 
     </span>
    </p>
   </div>
   <div class='ocr_carea' id='block_1_13' title="bbox 204 3609 1456 3690">
    <p class='ocr_par' dir='ltr' id='par_1_15' title="bbox 204 3609 1456 3690">
     <span class='ocr_line' id='line_1_35' title="bbox 204 3609 1456 3690; baseline -0.002 -19"><span class='ocrx_word' id='word_1_268' title='bbox 204 3613 399 3690; x_wconf 85' lang='lat' dir='ltr'>Stephanus:</span> <span class='ocrx_word' id='word_1_269' title='bbox 424 3615 446 3641; x_wconf 89' lang='lat'><strong>“</strong></span> <span class='ocrx_word' id='word_1_270' title='bbox 468 3609 650 3690; x_wconf 85' lang='lat' dir='ltr'>Comparari</span> <span class='ocrx_word' id='word_1_271' title='bbox 672 3629 741 3668; x_wconf 88' lang='lat' dir='ltr'>eum</span> <span class='ocrx_word' id='word_1_272' title='bbox 763 3609 842 3688; x_wconf 88' lang='lat' dir='ltr'>poll&#39;e</span> <span class='ocrx_word' id='word_1_273' title='bbox 863 3629 930 3668; x_wconf 89' lang='lat' dir='ltr'>tum</span> <span class='ocrx_word' id='word_1_274' title='bbox 953 3613 1101 3683; x_wconf 84' lang='lat' dir='ltr'>Homero,</span> <span class='ocrx_word' id='word_1_275' title='bbox 1128 3610 1255 3686; x_wconf 87' lang='lat' dir='ltr'>aliisque</span> <span class='ocrx_word' id='word_1_276' title='bbox 1272 3609 1343 3668; x_wconf 91' lang='lat' dir='ltr'>illu·</span> <span class='ocrx_word' id='word_1_277' title='bbox 1455 3633 1456 3640; x_wconf 52' lang='lat'>¹</span> 
     </span>
    </p>
   </div>
   <div class='ocr_carea' id='block_1_14' title="bbox 132 3687 1344 3770">
    <p class='ocr_par' dir='ltr' id='par_1_16' title="bbox 132 3687 1344 3770">
     <span class='ocr_line' id='line_1_36' title="bbox 132 3687 1344 3770; baseline -0.002 -19"><span class='ocrx_word' id='word_1_278' title='bbox 132 3709 134 3716; x_wconf 91' lang='grc'><strong><em>·</em></strong></span> <span class='ocrx_word' id='word_1_279' title='bbox 181 3695 184 3702; x_wconf 80' lang='grc'>’</span> <span class='ocrx_word' id='word_1_280' title='bbox 204 3699 229 3731; x_wconf 84' lang='grc'><strong>“</strong></span> <span class='ocrx_word' id='word_1_281' title='bbox 249 3687 394 3751; x_wconf 80' lang='lat' dir='ltr'>strislirnis</span> <span class='ocrx_word' id='word_1_282' title='bbox 410 3688 522 3768; x_wconf 87' lang='lat' dir='ltr'>poetis,</span> <span class='ocrx_word' id='word_1_283' title='bbox 544 3711 578 3748; x_wconf 92' lang='lat' dir='ltr'>ac</span> <span class='ocrx_word' id='word_1_284' title='bbox 595 3689 744 3766; x_wconf 85' lang='lat' dir='ltr'>ejusmodi</span> <span class='ocrx_word' id='word_1_285' title='bbox 760 3692 799 3750; x_wconf 91' lang='lat' dir='ltr'>ab</span> <span class='ocrx_word' id='word_1_286' title='bbox 818 3711 854 3748; x_wconf 85' lang='lat' dir='ltr'>eo</span> <span class='ocrx_word' id='word_1_287' title='bbox 869 3693 1006 3770; x_wconf 90' lang='lat' dir='ltr'>proponi</span> <span class='ocrx_word' id='word_1_288' title='bbox 1021 3690 1137 3769; x_wconf 72' lang='lat' dir='ltr'>passim,</span> <span class='ocrx_word' id='word_1_289' title='bbox 1163 3705 1199 3747; x_wconf 88' lang='lat' dir='ltr'>ut</span> <span class='ocrx_word' id='word_1_290' title='bbox 1220 3693 1258 3750; x_wconf 72' lang='lat' dir='ltr'>ni</span> <span class='ocrx_word' id='word_1_291' title='bbox 1282 3692 1344 3749; x_wconf 76' lang='lat' dir='ltr'>Ho&#39;·</span> 
     </span>
    </p>
   </div>
   <div class='ocr_carea' id='block_1_15' title="bbox 100 4609 158 4620">
    <p class='ocr_par' dir='ltr' id='par_1_17' title="bbox 100 4609 158 4620">
     <span class='ocr_line' id='line_1_37' title="bbox 100 4609 158 4620; baseline 0 0"><span class='ocrx_word' id='word_1_292' title='bbox 100 4609 158 4620; x_wconf 58' lang='lat'>⁴—-</span> 
     </span>
    </p>
   </div>
   <div class='ocr_carea' id='block_1_16' title="bbox 206 3768 1456 3861">
    <p class='ocr_par' dir='ltr' id='par_1_18' title="bbox 206 3768 1456 3861">
     <span class='ocr_line' id='line_1_38' title="bbox 206 3768 1456 3861; baseline 0.001 -31"><span class='ocrx_word' id='word_1_293' title='bbox 206 3779 230 3810; x_wconf 84' lang='lat'><strong><em>“</em></strong></span> <span class='ocrx_word' id='word_1_294' title='bbox 251 3789 354 3832; x_wconf 82' lang='lat' dir='ltr'>merus</span> <span class='ocrx_word' id='word_1_295' title='bbox 370 3768 492 3848; x_wconf 87' lang='lat' dir='ltr'>quidem</span> <span class='ocrx_word' id='word_1_296' title='bbox 516 3783 571 3827; x_wconf 84' lang='lat' dir='ltr'>aut</span> <span class='ocrx_word' id='word_1_297' title='bbox 591 3771 741 3830; x_wconf 76' lang='lat' dir='ltr'>Pindarus</span> <span class='ocrx_word' id='word_1_298' title='bbox 766 3773 927 3850; x_wconf 83' lang='lat' dir='ltr'>quiequam</span> <span class='ocrx_word' id='word_1_299' title='bbox 943 3773 1021 3832; x_wconf 88' lang='lat' dir='ltr'>atleo</span> <span class='ocrx_word' id='word_1_300' title='bbox 1037 3769 1157 3851; x_wconf 71' lang='lat' dir='ltr'>poetici</span> <span class='ocrx_word' id='word_1_301' title='bbox 1173 3769 1345 3832; x_wconf 86' lang='lat' dir='ltr'>dixerint.”</span> <span class='ocrx_word' id='word_1_302' title='bbox 1455 3827 1456 3861; x_wconf 57' lang='lat'>,</span> 
     </span>
    </p>
   </div>
   <div class='ocr_carea' id='block_1_17' title="bbox 203 3851 1122 3934">
    <p class='ocr_par' dir='ltr' id='par_1_19' title="bbox 203 3851 1122 3934">
     <span class='ocr_line' id='line_1_39' title="bbox 203 3851 1122 3934; baseline -0.001 -20"><span class='ocrx_word' id='word_1_303' title='bbox 203 3854 280 3914; x_wconf 85' lang='lat' dir='ltr'>Vid.</span> <span class='ocrx_word' id='word_1_304' title='bbox 297 3853 436 3910; x_wconf 83' lang='lat' dir='ltr'>Dieteric.</span> <span class='ocrx_word' id='word_1_305' title='bbox 455 3856 484 3908; x_wconf 84' lang='lat' dir='ltr'>in</span> <span class='ocrx_word' id='word_1_306' title='bbox 504 3851 648 3934; x_wconf 62' lang='lat' dir='ltr'>mitique.</span> <span class='ocrx_word' id='word_1_307' title='bbox 667 3855 700 3911; x_wconf 83' lang='lat' dir='ltr'>V.</span> <span class='ocrx_word' id='word_1_308' title='bbox 720 3855 756 3912; x_wconf 73' lang='lat'>7.</span> <span class='ocrx_word' id='word_1_309' title='bbox 774 3855 887 3932; x_wconf 79' lang='lat' dir='ltr'>Proleg.</span> <span class='ocrx_word' id='word_1_310' title='bbox 910 3853 968 3920; x_wconf 85' lang='lat' dir='ltr'>fol.</span> <span class='ocrx_word' id='word_1_311' title='bbox 988 3873 999 3913; x_wconf 84' lang='lat'>1</span> <span class='ocrx_word' id='word_1_312' title='bbox 1008 3872 1034 3925; x_wconf 85' lang='grc' dir='ltr'>ς.</span> <span class='ocrx_word' id='word_1_313' title='bbox 1094 3886 1097 3894; x_wconf 91' lang='grc'><strong><em>·</em></strong></span> <span class='ocrx_word' id='word_1_314' title='bbox 1120 3877 1122 3883; x_wconf 58' lang='lat'><strong><em>⁴</em></strong></span> 
     </span>
    </p>
   </div>
   <div class='ocr_carea' id='block_1_18' title="bbox 178 3929 1455 4014">
    <p class='ocr_par' dir='ltr' id='par_1_20' title="bbox 178 3929 1455 4014">
     <span class='ocr_line' id='line_1_40' title="bbox 178 3929 1455 4014; baseline -0.007 -12"><span class='ocrx_word' id='word_1_315' title='bbox 178 3989 183 4002; x_wconf 91' lang='lat'><em>.</em></span> <span class='ocrx_word' id='word_1_316' title='bbox 244 3940 307 3977; x_wconf 71' lang='lat'>*“</span> <span class='ocrx_word' id='word_1_317' title='bbox 328 3931 538 4014; x_wconf 63' lang='lat' dir='ltr'>certe-jodoci</span> <span class='ocrx_word' id='word_1_318' title='bbox 564 3933 756 4013; x_wconf 75' lang='lat' dir='ltr'>(oitdooiss.</span> <span class='ocrx_word' id='word_1_319' title='bbox 776 3933 967 4014; x_wconf 83' lang='lat' dir='ltr'>Episcopius)</span> <span class='ocrx_word' id='word_1_320' title='bbox 990 3937 1045 3994; x_wconf 78' lang='lat' dir='ltr'>haic</span> <span class='ocrx_word' id='word_1_321' title='bbox 1062 3937 1095 3993; x_wconf 86' lang='lat' dir='ltr'>iti</span> <span class='ocrx_word' id='word_1_322' title='bbox 1111 3929 1344 4012; x_wconf 80' lang='lat' dir='ltr'>parteChristi·</span> <span class='ocrx_word' id='word_1_323' title='bbox 1454 3945 1455 3950; x_wconf 77' lang='grc'>’</span> 
     </span>
    </p>
   </div>
   <div class='ocr_carea' id='block_1_19' title="bbox 203 4013 1347 4341">
    <p class='ocr_par' dir='ltr' id='par_1_21' title="bbox 203 4013 1347 4341">
     <span class='ocr_line' id='line_1_41' title="bbox 203 4013 1346 4096; baseline -0.002 -19"><span class='ocrx_word' id='word_1_324' title='bbox 203 4023 228 4056; x_wconf 83' lang='lat'><strong>“</strong></span> <span class='ocrx_word' id='word_1_325' title='bbox 249 4017 316 4082; x_wconf 86' lang='lat' dir='ltr'>auis</span> <span class='ocrx_word' id='word_1_326' title='bbox 338 4013 481 4074; x_wconf 86' lang='lat' dir='ltr'>ruborem</span> <span class='ocrx_word' id='word_1_327' title='bbox 506 4014 707 4084; x_wconf 86' lang='lat' dir='ltr'>suffundunt;</span> <span class='ocrx_word' id='word_1_328' title='bbox 732 4017 847 4096; x_wconf 89' lang='lat' dir='ltr'>quippe</span> <span class='ocrx_word' id='word_1_329' title='bbox 868 4017 921 4095; x_wconf 89' lang='lat' dir='ltr'>qui</span> <span class='ocrx_word' id='word_1_330' title='bbox 944 4015 1082 4074; x_wconf 84' lang='lat' dir='ltr'>infantes</span> <span class='ocrx_word' id='word_1_331' title='bbox 1103 4019 1182 4089; x_wconf 78' lang='lat' dir='ltr'>suos,</span> <span class='ocrx_word' id='word_1_332' title='bbox 1204 4015 1346 4094; x_wconf 79' lang='lat' dir='ltr'>aprinis</span> 
     </span>
     <span class='ocr_line' id='line_1_42' title="bbox 204 4091 1346 4179; baseline -0.004 -21"><span class='ocrx_word' id='word_1_333' title='bbox 204 4105 228 4136; x_wconf 88' lang='lat'><strong>“</strong></span> <span class='ocrx_word' id='word_1_334' title='bbox 249 4097 349 4172; x_wconf 75' lang='lat' dir='ltr'>orinia,</span> <span class='ocrx_word' id='word_1_335' title='bbox 371 4097 404 4156; x_wconf 88' lang='lat' dir='ltr'>in</span> <span class='ocrx_word' id='word_1_336' title='bbox 424 4096 584 4156; x_wconf 86' lang='lat' dir='ltr'>Hebraeae</span> <span class='ocrx_word' id='word_1_337' title='bbox 605 4097 731 4177; x_wconf 85' lang='lat' dir='ltr'>linguae</span> <span class='ocrx_word' id='word_1_338' title='bbox 753 4099 944 4179; x_wconf 83' lang='lat' dir='ltr'>cognitione,</span> <span class='ocrx_word' id='word_1_339' title='bbox 966 4095 1025 4156; x_wconf 81' lang='lat' dir='ltr'>sive</span> <span class='ocrx_word' id='word_1_340' title='bbox 1046 4099 1186 4156; x_wconf 75' lang='lat' dir='ltr'>Hebraea</span> <span class='ocrx_word' id='word_1_341' title='bbox 1205 4097 1284 4178; x_wconf 84' lang='lat' dir='ltr'>legis</span> <span class='ocrx_word' id='word_1_342' title='bbox 1300 4091 1346 4178; x_wconf 87' lang='lat' dir='ltr'>di-</span> 
     </span>
     <span class='ocr_line' id='line_1_43' title="bbox 203 4177 1347 4260; baseline 0.003 -25"><span class='ocrx_word' id='word_1_343' title='bbox 203 4187 229 4218; x_wconf 85' lang='lat'><em>“</em></span> <span class='ocrx_word' id='word_1_344' title='bbox 248 4181 339 4238; x_wconf 76' lang='lat' dir='ltr'>rinae</span> <span class='ocrx_word' id='word_1_345' title='bbox 356 4177 549 4256; x_wconf 86' lang='lat' dir='ltr'>aliorumque</span> <span class='ocrx_word' id='word_1_346' title='bbox 566 4181 720 4238; x_wconf 88' lang='lat' dir='ltr'>sacrorum</span> <span class='ocrx_word' id='word_1_347' title='bbox 737 4181 856 4238; x_wconf 88' lang='lat' dir='ltr'>rituum</span> <span class='ocrx_word' id='word_1_348' title='bbox 873 4180 1065 4260; x_wconf 83' lang='lat' dir='ltr'>cognitione,</span> <span class='ocrx_word' id='word_1_349' title='bbox 1088 4177 1249 4254; x_wconf 87' lang='lat' dir='ltr'>erudiunt,</span> <span class='ocrx_word' id='word_1_350' title='bbox 1271 4180 1347 4240; x_wconf 85' lang='lat' dir='ltr'>adeo</span> 
     </span>
     <span class='ocr_line' id='line_1_44' title="bbox 205 4259 1346 4341; baseline 0.002 -20"><span class='ocrx_word' id='word_1_351' title='bbox 205 4269 228 4300; x_wconf 88' lang='lat'>“</span> <span class='ocrx_word' id='word_1_352' title='bbox 251 4259 393 4330; x_wconf 73' lang='lat' dir='ltr'>sollicite,</span> <span class='ocrx_word' id='word_1_353' title='bbox 416 4274 452 4318; x_wconf 88' lang='lat' dir='ltr'>ut</span> <span class='ocrx_word' id='word_1_354' title='bbox 474 4261 579 4318; x_wconf 82' lang='lat' dir='ltr'>nullus</span> <span class='ocrx_word' id='word_1_355' title='bbox 602 4281 680 4337; x_wconf 86' lang='lat' dir='ltr'>puer</span> <span class='ocrx_word' id='word_1_356' title='bbox 702 4262 892 4340; x_wconf 82' lang='lat' dir='ltr'>reperiatur,</span> <span class='ocrx_word' id='word_1_357' title='bbox 916 4261 1052 4341; x_wconf 87' lang='lat' dir='ltr'>quinon</span> <span class='ocrx_word' id='word_1_358' title='bbox 1074 4263 1218 4321; x_wconf 87' lang='lat' dir='ltr'>Hebraea</span> <span class='ocrx_word' id='word_1_359' title='bbox 1232 4265 1346 4336; x_wconf 70' lang='lat' dir='ltr'>omnia,</span> 
     </span>
    </p>
   </div>
   <div class='ocr_carea' id='block_1_20' title="bbox 205 4339 1455 4426">
    <p class='ocr_par' dir='ltr' id='par_1_22' title="bbox 205 4339 1455 4426">
     <span class='ocr_line' id='line_1_45' title="bbox 205 4339 1455 4426; baseline -0.002 -24"><span class='ocrx_word' id='word_1_360' title='bbox 205 4341 228 4379; x_wconf 62' lang='lat'>‘&#39;‘</span> <span class='ocrx_word' id='word_1_361' title='bbox 250 4364 318 4402; x_wconf 90' lang='lat' dir='ltr'>cum</span> <span class='ocrx_word' id='word_1_362' title='bbox 344 4341 466 4418; x_wconf 77' lang='lat' dir='ltr'>putretis</span> <span class='ocrx_word' id='word_1_363' title='bbox 487 4356 521 4401; x_wconf 86' lang='lat' dir='ltr'>et</span> <span class='ocrx_word' id='word_1_364' title='bbox 541 4339 602 4400; x_wconf 82' lang='lat' dir='ltr'>fine</span> <span class='ocrx_word' id='word_1_365' title='bbox 619 4341 753 4419; x_wconf 65' lang='lat' dir='ltr'>putretis,</span> <span class='ocrx_word' id='word_1_366' title='bbox 775 4343 876 4422; x_wconf 74' lang='lat' dir='ltr'>prima</span> <span class='ocrx_word' id='word_1_367' title='bbox 890 4342 994 4403; x_wconf 88' lang='lat' dir='ltr'>statim</span> <span class='ocrx_word' id='word_1_368' title='bbox 1010 4357 1114 4403; x_wconf 87' lang='lat' dir='ltr'>aetate</span> <span class='ocrx_word' id='word_1_369' title='bbox 1131 4345 1225 4424; x_wconf 78' lang='lat' dir='ltr'>legat,</span> <span class='ocrx_word' id='word_1_370' title='bbox 1248 4341 1348 4417; x_wconf 80' lang='lat' dir='ltr'>candt,</span> <span class='ocrx_word' id='word_1_371' title='bbox 1454 4407 1455 4426; x_wconf 14' lang='grc' dir='ltr'>χ</span> 
     </span>
    </p>
   </div>
   <div class='ocr_carea' id='block_1_21' title="bbox 201 4421 1348 4518">
    <p class='ocr_par' dir='ltr' id='par_1_23' title="bbox 201 4421 1348 4518">
     <span class='ocr_line' id='line_1_46' title="bbox 201 4421 1348 4518; baseline -0.013 -30"><span class='ocrx_word' id='word_1_372' title='bbox 201 4431 227 4512; x_wconf 71' lang='lat' dir='ltr'>f‘</span> <span class='ocrx_word' id='word_1_373' title='bbox 248 4439 281 4486; x_wconf 86' lang='lat' dir='ltr'>et</span> <span class='ocrx_word' id='word_1_374' title='bbox 302 4422 498 4509; x_wconf 61' lang='lat' dir='ltr'>tutelligatss’</span> <span class='ocrx_word' id='word_1_375' title='bbox 540 4421 614 4488; x_wconf 88' lang='lat' dir='ltr'>Vid.</span> <span class='ocrx_word' id='word_1_376' title='bbox 632 4425 1185 4508; x_wconf 48' lang='lat' dir='ltr'>Episcoptopporol.1.=par.ai.,p.</span> <span class='ocrx_word' id='word_1_377' title='bbox 1206 4425 1348 4518; x_wconf 53' lang='lat'>1057·-</span> 
     </span>
    </p>
   </div>
   <div class='ocr_carea' id='block_1_22' title="bbox 1210 4509 1455 4604">
    <p class='ocr_par' dir='ltr' id='par_1_24' title="bbox 1210 4509 1455 4604">
     <span class='ocr_line' id='line_1_47' title="bbox 1210 4509 1455 4604; baseline 0.008 -40"><span class='ocrx_word' id='word_1_378' title='bbox 1210 4509 1344 4570; x_wconf 73' lang='lat' dir='ltr'>Manno</span> <span class='ocrx_word' id='word_1_379' title='bbox 1453 4577 1455 4604; x_wconf 22' lang='lat' dir='ltr'>a</span> 
     </span>
    </p>
   </div>
   <div class='ocr_carea' id='block_1_23' title="bbox 0 0 1484 4832">
    <p class='ocr_par' dir='ltr' id='par_1_25' title="bbox 0 0 1484 4832">
     <span class='ocr_line' id='line_1_48' title="bbox 0 0 1484 4832; baseline 0 0"><span class='ocrx_word' id='word_1_380' title='bbox 0 0 1484 4832; x_wconf 95' lang='lat' dir='ltr'> </span> 
     </span>
    </p>
   </div>
  </div>
 </body>
</html>
