2924 4832
317 180 1109 304 L1·scuanrrurcs,oc.''
1217 221 1280 310 47
1409 325 1433 348 '⁶

68 427 161 470 “
202 417 492 500 collidantur(
547 415 686 497 Immo
718 441 875 524 neque,
914 407 1126 503 fiadsmt,
1166 431 1278 515 quae

93 553 172 590 ‘⁸
196 539 415 650 asperitati
438 538 628 620 remedio
650 537 748 633 sint,
772 536 953 630 vocales,
988 529 1196 641 quassibet
1218 552 1281 609 ta·

96 672 167 714 “
196 691 300 744 men
323 684 485 744 temere
507 660 787 741 committunt
806 663 1113 739 consonantes:
1146 649 1282 734 Sedu
1404 737 1411 744 ,

87 797 120 835 “
133 799 161 836 ‘
191 787 255 867 ita
279 787 343 867 rei
361 805 515 866 natura
534 782 730 893 postulat,
754 805 804 863 ut
819 805 1076 862 concurrere
1094 775 1283 857 debeant

92 917 159 958 “⁸
192 909 311 1005 illae,
337 907 507 1016 quaese
528 897 715 986 invicem
738 903 826 984 sme
847 901 1078 1012 asperitatis
1100 896 1282 1006 alicujus

91 1039 123 1079 ⁴
138 1042 159 1078 ‘
195 1031 452 1111 indusiione
469 1028 686 1138 consequi,
709 1048 751 1107 et
774 1027 886 1107 inter
909 1024 945 1106 se
968 1019 1166 1104 consesti
1190 1043 1283 1102 nott

101 1150 367 1262 “·poss1nt,
400 1152 463 1232 ilii
485 1151 551 1230 vel
573 1141 665 1230 snus
689 1149 756 1230 vel
776 1149 996 1230 literarum
1019 1143 1280 1240 mutatione,

114 1287 165 1324 ‘⁶
201 1303 272 1356 eas
293 1274 555 1385 abjiciendo,
589 1274 833 1368 inserendo,
856 1268 1137 1364 emolliendo,
1171 1264 1281 1348 aliis·

125 1411 168 1448 ‘⁶
203 1425 254 1478 ve
275 1399 433 1505 quibus
454 1393 606 1503 possint
629 1394 782 1490 modis,
816 1394 1007 1475 remedia
1030 1409 1281 1500 quaerunta

125 1533 164 1570 ‘⁶
201 1521 312 1601 adeo
342 1524 396 1600 ab
429 1517 564 1612 omni,
597 1519 715 1624 quod
747 1514 813 1624 uel
840 1515 1045 1598 absonum
1070 1513 1137 1596 vel
1160 1508 1302 1593 dissui

125 1653 165 1692 ‘⁸
203 1669 311 1724 num
343 1643 416 1738 est,
458 1641 706 1722 abhorrent.
779 1638 914 1746 Quod
947 1637 979 1720 s1
1010 1638 1135 1718 nobis
1166 1634 1284 1716 secus

129 1777 167 1816 ‘⁸
204 1766 420 1859 videatur,
444 1783 488 1844 et
509 1761 692 1870 asperius
713 1759 859 1842 sonare
875 1761 929 1840 ab
946 1759 1163 1842 Arabibus
1184 1782 1285 1867 pro·
1367 1837 1372 1848 ,

127 1899 166 1936 “
203 1887 302 1982 iata,
325 1885 431 1983 iliud
455 1885 628 1966 auribus
648 1883 798 1964 nostris
821 1903 863 1962 et
884 1881 974 1977 usu,
998 1907 1085 1961 non
1109 1879 1286 1988 linguae

127 2021 165 2062 “
204 2009 510 2118 imputandum
526 2038 539 2102 ς
574 2034 652 2088 nec
671 2005 840 2086 mollius
861 2003 942 2086 illis
959 2003 1108 2084 sonare
1126 2002 1284 2100 nostra,

60 2159 72 2173 ·
128 2143 163 2182 ‘⁸
200 2157 332 2242 quam
354 2156 504 2212 eorum
527 2128 651 2210 nobis
672 2128 949 2209 censendum.
984 2130 1098 2233 Quin
1124 2147 1166 2206 et
1185 2145 1286 2234 gut·

130 2267 168 2308 “
203 2255 425 2349 toralium,
449 2278 539 2360 qua
561 2252 685 2332 uobis
709 2250 894 2332 maxima
910 2249 1142 2360 asperitatis
1160 2245 1285 2330 causa

134 2389 169 2427 ‘¹
204 2378 425 2468 videntur,
459 2374 706 2468 absentiam,
741 2395 789 2454 ut
818 2361 1024 2482 maguum
1058 2372 1104 2452 in
1135 2369 1285 2477 liugos

137 2509 172 2550 ‘⁴
209 2497 371 2580 Graeci
401 2497 630 2590 desesium,
681 2516 873 2602 arguunt
905 2483 1114 2576 Arabesss'
1179 2485 1282 2575 Vid.

135 2621 287 2704 Pocock.
315 2621 421 2702 Orat.
446 2620 489 2700 de
507 2618 618 2728 Ling.
642 2618 764 2701 Arab.
803 2614 878 2734 (o).

1036 2809 1047 2826 ,
1116 2739 1286 2846 Lingua

182 2932 230 3016 (a)
255 2933 304 2995 Est
325 2953 436 2994 severa
456 2933 626 2996 delicatum
641 2954 739 3016 genus
752 2935 930 3009 hominum,
954 2955 1085 3016 quorum
1100 2953 1192 2996 aures
1204 2935 1287 2998 occi·

139 3014 323 3076 dentalibus
347 3016 465 3096 linguis
490 3018 611 3096 semper
635 3017 781 3090 assnetae‚
812 3017 975 3078 Arabicam
1004 3019 1089 3078 ferre
1117 3031 1287 3096 nequeunt.

141 3099 266 3158 Horum
278 3097 412 3174 judicio,
434 3095 513 3156 dura
530 3113 564 3157 et
579 3097 699 3158 amiera
714 3097 756 3157 est
770 3098 881 3180 lingua
896 3099 1030 3159 Arabica
1046 3123 1054 3156 t
1086 3097 1146 3158 Sed
1159 3097 1217 3158 ilia
1230 3117 1288 3159 no·

141 3179 189 3236 tio
205 3179 386 3256 asperitatis
401 3179 493 3256 hujus
507 3179 635 3260 linguae
655 3179 745 3240 unice
766 3180 870 3239 oritur
885 3179 925 3240 ab
939 3178 1131 3261 ignorantis.
1170 3177 1288 3240 Audia-

145 3279 213 3322 mus
227 3258 432 3319 dociiffimom
449 3260 605 3341 isontium
628 3258 668 3321 de
690 3259 746 3320 haic
760 3281 795 3320 re
810 3259 1006 3321 disserentem
1020 3265 1096 3320 :··“
1114 3259 1290 3338 Nusquam,

146 3346 170 3380 “
189 3341 270 3402 mihi
280 3340 411 3414 credite,
426 3337 575 3421 (inquit),
590 3341 718 3400 auribus
728 3342 828 3423 magis
839 3342 992 3420 parcitur,
1002 3359 1094 3422 quam
1106 3342 1176 3400 inA
1215 3338 1288 3410 bit;

145 3428 169 3460 “
188 3422 278 3483 nulla
297 3422 408 3502 lingua
428 3439 448 3479 a
468 3449 592 3490 nassum
614 3423 700 3481 omni
721 3422 868 3498 alienior,
909 3443 979 3483 uam
996 3420 1140 3481 Arabica.
1178 3359 1273 3503 Euan

145 3508 169 3621 Σ
188 3503 377 3646 goarianam?
387 3503 559 3642 nopnullae
570 3503 766 3645 etjustiaiterae
778 3445 1173 3646 mpiisgprtassesuavitfr,
1191 3503 1290 3564 irumo

211 3605 263 3644 un
312 3605 330 3643 e
359 3605 409 3643 am
444 3603 574 3644 unuenn
624 3607 636 3644 1
686 3599 794 3646 tamen
837 3606 874 3646 ra
939 3605 991 3647 eas
1006 3599 1069 3646 tem
1127 3598 1221 3646 arunt
1251 3599 1291 3646 ut

143 3669 170 3703 '“
190 3668 313 3744 asperas
320 3657 404 3724 ‘cum
424 3665 558 3740 lenibus,
580 3628 676 3728 duras
696 3687 766 3726 cum
789 3667 945 3745 mollibus,
965 3603 1158 3752 graveddtrtm
1176 3628 1291 3746 auritis,

146 3751 170 3786 ‘⁸
188 3745 358 3822 miscendo,
378 3765 468 3806 voces
488 3747 563 3806 inde
583 3767 649 3808 non
670 3749 769 3808 minis
790 3747 902 3810 auditu
918 3750 1086 3830 jucundas,
1106 3753 1199 3830 quam
1213 3768 1289 3829 pro·
1408 3771 1414 3781 ·

146 3834 172 3948 Σ
189 3829 344 3971 fficiputp
351 3827 472 3969 3131„
492 3828 710 3971 confecerint,t
723 3830 1001 3972 ffiqupiglepmpm
1016 3833 1290 3974 ιηὶταωᾱίοιιρὲυω

335 3931 350 3969 c
427 3930 476 3969 em
516 3929 587 3970 uam
607 3931 728 3971 vanea
815 3933 833 3971 a
1002 3957 1010 3974 .
1081 3933 1121 3972 uo

149 3997 174 4031 “
194 3991 348 4052 orationis
362 3930 573 4052 modulairldae
587 3991 722 4054 studium
737 3991 772 4052 in
788 3929 1006 4056 comnoeffi
1021 3915 1219 4056 mgnisesiiruni
1234 3931 1292 4072 dii:

149 4077 173 4111 “
192 4087 229 4134 ut
242 4073 340 4152 primi
355 4072 511 4133 lssamismi
526 4089 761 4156 oppugnatores
774 4095 845 4136 eum
861 4077 976 4138 librum
997 4077 1116 4157 magici
1130 4075 1203 4137 ideo
1219 4089 1293 4138 arte

149 4158 174 4191 “
192 4155 340 4233 scriptum
361 4153 512 4214 dixerint.
555 4157 619 4218 Nec
635 4157 762 4217 auribus
777 4171 902 4217 tantum
917 4173 1027 4241 gratus
1041 4158 1085 4218 est
1099 4157 1290 4234 Arabismus,

151 4239 175 4274 “
193 4235 241 4296 sed
255 4249 291 4296 et
305 4235 405 4295 aniusi
419 4234 619 4315 conceptibus
633 4238 845 4320 supprimendis
860 4253 964 4319 aptus,
981 4242 1071 4301 sonos
1085 4240 1153 4302 suos
1167 4241 1291 4301 senten·

151 4317 176 4354 “
194 4317 246 4376 tiis
269 4319 389 4398 semper
409 4317 655 4394 accommodans,
682 4333 714 4384 et
734 4319 821 4380 selici
843 4321 1006 4382 verborum
1025 4321 1174 4402 junctus
1192 4321 1292 4400 ipsam

152 4397 177 4434 “
195 4417 297 4461 rerum
320 4409 469 4464 naturam
493 4397 703 4491 depingens.f{
735 4401 817 4492 ¹ilici.
834 4403 928 4470 Hunt.
944 4403 1028 4469 Orat.
1044 4407 1079 4470 de
1093 4405 1181 4488 Ling.
1198 4393 1291 4481 Atat,

145 4491 177 4564 p.
195 4493 244 4555 ¹7·
