2960 4828
294 223 710 326 GAElNEJSEQS
745 224 1138 324 ‚CiarvrtX-HX·
1168 250 1178 286 ··
1229 227 1303 324 281

150 425 272 515 2086.
292 425 485 526 Vaterno.
505 423 605 525 5933
622 427 896 534 Congregetur,
918 428 1105 520 collectus,
1124 427 1300 509 admissus

235 539 272 616 in
298 539 625 646 communionem,
648 536 985 642 dumumparrun,
1009 541 1123 643 inque.
1138 541 1302 621 haeredi-

232 665 347 727 tatem
366 667 401 726 et
423 645 576 726 tutelam
599 643 735 726 domus
764 647 857 728 illius
881 648 1072 727 coelestis:
1115 648 1163 728 ad
1186 653 1305 756 plures
1382 741 1385 754 y

683 763 716 832 N
746 787 767 834 n
1174 763 1300 842 abiens

134 865 361 1018 .suetulpst,18apl
372 865 697 1012 llepj'ami'tapetsmvid
711 883 752 959 er
763 867 854 949 Juda,
870 867 1142 964 pmprerea·etiapn
1158 870 1301 956 copulan-

147 971 196 1016 tur
262 971 441 1017 ‚ravin-a.
1175 997 1177 1004 a

190 1001 1302 1128 llenjantitaetribuijudaesemperadltaeset·nnt,adeoquearsiaconjunclio

145 1121 216 1200 suit,
229 1129 259 1188 ur
276 1123 605 1210 unincttibdenotpiue
622 1113 781 1210 aliquludo
793 1115 926 1201 'renianb
941 1124 1097 1212 r‘chmti,
1113 1123 1165 1208 '32,
1181 1129 1232 1210 36,
1248 1130 1302 1192 xil.

146 1229 209 1300 ²92·
223 1209 389 1297 Redierunt
405 1211 546 1294 etiatpab
562 1211 657 1290 ervisio
681 1210 913 1295 Babylunleuius
927 1209 1120 1276 Canauaeam
1145 1215 1199 1277 lrae
1222 1215 1301 1278 solae

147 1298 222 1378 duae
239 1297 329 1360 tribus
345 1296 496 1384 integrae,
513 1316 543 1374 et
559 1288 645 1390 usque
662 1301 696 1360 ad
712 1296 805 1372 finem,
824 1293 953 1382 Reipub.
966 1299 1141 1384 conjunt‘lae
1162 1317 1302 1383 perman·

143 1383 254 1446 serunt.
300 1381 446 1464 Praedari
457 1387 538 1465 r'note
551 1383 625 1466 lupi,
638 1382 668 1446 i'n
680 1383 884 1468 beniaminem
902 1387 980 1450 redle
992 1379 1148 1468 quadrare,
1159 1404 1196 1450 ex
1211 1385 1301 1451 histo.

143 1469 192 1531 tia
204 1463 379 1554 sacrafl'patet
393 1495 419 1530 ε·
434 1469 608 1542 Cattenates
622 1471 659 1530 e'x
676 1465 722 1531 soa
747 1471 870 1556 regione
888 1469 1099 1553 exstirparunt,
1124 1468 1184 1550 Jud
1211 1472 1231 1534 i.
1249 1489 1299 1534 ar.

143 1551 296 1618 Moabitas
312 1557 352 1616 ita
364 1556 532 1639 profligavit
546 1553 633 1622 disard
650 1553 829 1636 Beujaiuita,
847 1571 932 1628 utrae
948 1578 1020 1622 unus
1031 1556 1069 1620 de
1082 1556 1217 1620 exercitu
1230 1575 1299 1619 eva·

143 1640 226 1708 serite
239 1639 339 1724 itaque
355 1661 386 1702 re
411 1639 496 1714 redit,
511 1635 542 1709 tit
559 1657 638 1702 terra
650 1641 688 1702 80
701 1637 798 1716 anuis,
811 1658 881 1724 quot
896 1641 946 1704 sub
964 1641 1046 1705 nullo
1066 1639 1167 1724 judice
1186 1639 1299 1726 postea,

146 1725 334 1813 requieverit,
345 1661 417 1812 Jup
430 1729 536 1810 iii-,am
551 1744 598 1806 30.
646 1723 695 1814 De
711 1727 1010 1814 Saulotmemotutut,
1025 1729 1104 1809 quud
1120 1743 1300 1810 quocunque

145 1809 238 1877 semet
266 1830 409 1886 verterer,
437 1815 667 1898 omnmy’dd'l’
695 1829 810 1896 terrore
838 1811 1020 1893 perculserit,
1049 1812 1093 1874 vel
1122 1811 1218 1895 potius
1246 1811 1300 1876 mi·

136 1897 222 1981 serus,
236 1911 262 1960 er
277 1893 452 1973 calamitufhr
465 1895 630 1968 reddiderit.
658 1899 728 1962 vid.
738 1894 857 1974 'Se-bult.
868 1898 902 1958 in
916 1896 986 1979 Jub.
1001 1895 1044 1962 iii.
1059 1911 1105 1971 17.
1128 1887 1209 1963 Hinc'
1222 1897 1299 1960 Ben-

141 1983 239 2068 jamin
256 1981 387 2049 hostium
404 1984 536 2048 calcator
555 1986 612 2052 elle
626 1985 746 2066 dicitur,
759 1982 803 2044 Ps.
819 1981 912 2044 lxviii.
931 2003 980 2056 ²5·

192 2067 295 2132 Verba
310 2069 362 2132 illa
376 2062 458 2156 mure
469 2073 594 2134 comedet
606 2061 758 2154 praedam,
772 2086 889 2144 tantam
907 2071 1034 2163 praedae
1051 2061 1168 2152 copiam
1187 2087 1201 2132 a
1221 2063 1297 2132 Ben-

141 2153 260 2239 ja'mino
275 2154 376 2236 lupino
390 2173 474 2218 more
487 2161 663 2239 praedante,
682 2171 888 2218 coacervatam
903 2161 965 2218 lore
981 2169 1098 2228 nutant,
1113 2170 1154 2230 ,ut
1170 2151 1222 2218 srbi
1238 2175 1299 2218 uon

147 2259 265 2309 tautum
282 2260 384 2317 mane,
407 2241 496 2303 sedet
510 2260 563 2328 pet·
578 2259 675 2306 toturn
697 2242 789 2313 diem,
813 2258 846 2304 et
869 2243 904 2302 ad
922 2237 1075 2323 vesperam
1105 2237 1208 2321 usque,
1234 2239 1298 2304 aliia

146 2347 264 2410 quoque
280 2325 383 2408 quibua
407 2328 510 2391 lubens
524 2327 706 2414 impertiret,
723 2323 876 2390 luffieeret.
924 2327 1011 2388 Mum
1023 2343 1053 2388 et
1068 2323 1181 2410 vespera
1199 2345 1299 2390 totum

146 2413 241 2490 diem,
254 2410 315 2475 sive
330 2409 493 2478 uuiversum
509 2413 671 2488 durationis
692 2413 804 2498 reipub.
817 2409 960 2494 Jodaicae
976 2414 1140 2476 terminum
1158 2431 1300 2496 compre·

146 2499 265 2572 hen'dit,
283 2495 432 2562 uti'etiam
447 2497 583 2564 illustrari
597 2500 650 2564 iric
666 2500 747 2563 locus
773 2497 857 2584 possit
874 2517 913 2562 ex
935 2493 1029 2560 Dent.
1044 2495 1150 2558 xxxiii.
1178 2511 1224 2561 ta„
1251 2515 1299 2560 te·

145 2583 318 2672 gentillum
335 2601 402 2655 toto
414 2585 474 2670 die,
519 2585 588 2654 Hoc
602 2585 718 2668 insuper
734 2601 774 2654 ert
788 2581 938 2645 Vaticinlu
949 2577 986 2644 de'
999 2581 1076 2664 Juda
1088 2579 1299 2664 confirmatur,

148 2671 198 2734 ubi
215 2672 363 2750 sceptrum
377 2669 487 2734 dicitur
504 2673 669 2736 mansurum
687 2671 741 2734 else
757 2672 832 2754 apud
848 2667 970 2750 Judam,
981 2671 1077 2732 donec
1089 2667 1300 2732 veneritSclti·

147 2753 211 2848 lola-
251 2754 563 2846 Observatudignum
585 2757 642 2837 est,
664 2772 785 2840 tempus
811 2754 919 2818 nullior
943 2752 1035 2818 tribisa
1058 2752 1215 2818 definitum
1240 2753 1300 2818 esse

147 2859 265 2927 praeter
280 2836 460 2924 illuthtdae
475 2859 504 2905 et
521 2839 711 2922 Beniaminis.
759 2838 889 2904 Historia
903 2838 975 2904 huic
988 2838 1231 2924 interpretationi
1256 2837 1272 2904 f
1288 2870 1300 2885 ·

148 2943 219 3005 vet;
241 2942 306 2992 toto
320 2925 400 2990 euim
418 2941 555 3012 ternpore
575 2949 612 2991 ex
627 2944 689 3012 quo
701 2925 788 2992 lsrael
802 2927 993 2990 cananaeam
1016 2925 1168 3010 subjugare
1183 2925 1297 3010 coepit,

149 3016 235 3100 usque
250 3013 287 3078 ad
302 3012 462 3092 Davidem,
478 3033 538 3078 nox
553 3016 664 3098 populo
679 3013 768 3076 variis
781 3011 998 3074 calamitatibus
1014 3011 1136 3082 afflisio,
1148 3009 1298 3086 incubuit,

148 3099 349 3184 crepusculum
360 3098 418 3162 diei
430 3097 480 3161 sub
489 3101 590 3174 Saulo,
603 3101 649 3164 led
662 3099 805 3166 dieucum
818 3097 935 3160 Davide
948 3095 1101 3179 splendere
1111 3099 1221 3180 eoepit.
1234 3097 1300 3160 De·

147 3185 222 3260 inde,
233 3185 368 3262 meridie,
382 3183 548 3268 marcipor.
566 3203 703 3270 tempore
715 3183 796 3248 exilii
808 3181 990 3264 ¹babylonici
1007 3178 1179 3244 obscuratus
1196 3179 1252 3261 est,
1266 3198 1298 3246 et

148 3265 196 3338 die
212 3273 246 3334 ad
260 3275 411 3355 vesperam
426 3266 602 3349 inclinante,
613 3271 663 3332 sub
678 3269 863 3336 ‚vtaecabaets
877 3265 1082 3334 lucidiffimum
1094 3267 1190 3330 rursus
1204 3268 1300 3330 vibra·

151 3358 193 3421 vit
211 3358 325 3422 lumen.
350 3357 426 3420 Huic
437 3357 531 3421 sensui
546 3358 744 3435 etiamsavet‚
759 3351 976 3438 quodexilium
999 3351 1215 3434 Babylonicum
1232 3351 1300 3418 lolia

149 3442 302 3507 occasuiiu
318 3443 445 3508 meridie
457 3459 664 3530 comparetur,
677 3443 771 3508 Amos
785 3440 846 3510 riis.
856 3461 887 3522 9.
902 3453 932 3502 et
947 3435 1075 3502 medium
1090 3455 1234 3506 tuncrum
1246 3459 1302 3524 ap·

149 3528 295 3616 pellatur,
311 3525 388 3591 Hau.
405 3531 434 3592 ii.
450 3548 480 3592 a.
848 3554 853 3566 ¹
964 3591 967 3598 ,

169 3613 219 3677 ‘st
233 3611 336 3698 aliquis
353 3609 539 3698 praejudiciis
551 3633 660 3678 vacuus
676 3611 749 3675 serio
765 3609 958 3696 perpenderit
972 3606 1120 3692 Jacobunr
1138 3607 1301 3675 haeccesa·

150 3717 180 3764 ta
194 3699 328 3766 filiorum
344 3696 524 3784 praedixisse,
539 3721 607 3762 corn
620 3697 678 3783 ipse
691 3715 720 3761 et
737 3695 789 3764 lilii
801 3699 864 3783 ejus
879 3693 1032 3782 peregrini
1045 3699 1074 3759 iu
1171 3712 1223 3778 pto
1234 3696 1301 3760 suis·

147 3789 222 3868 seut,
237 3803 267 3852 et
280 3785 379 3850 adhuc
393 3787 480 3869 pauci
502 3805 639 3864 numero,
658 3805 720 3866 250
732 3805 825 3848 annos
838 3799 910 3844 ante
924 3785 1038 3862 exitum
1051 3781 1126 3845 lsrae
1140 3799 1247 3844 uatum
1263 3803 1303 3858 ert

148 3873 299 3960 AEgypt03
322 3871 343 3937 st
359 3887 513 3956 praeterea
529 3885 630 3935 vatem
644 3891 702 3934 non
716 3887 836 3935 tantum
848 3865 950 3941 situm,
968 3866 1053 3942 fines,
1065 3883 1095 3930 et
1110 3867 1219 3930 limitet
1235 3867 1301 3932 uui·

149 3958 317 4042 uscujusque
329 3957 433 4034 tribus,
468 3955 611 4042 cipullea'
621 3956 657 4021 iia
672 3950 751 4021 sorte
762 3952 892 4045 affignati
909 3951 1039 4030 suetant,
1050 3952 1097 4020 sed
1111 3952 1305 4018 etiamiudo·

149 4037 210 4108 l'enr
227 4041 419 4127 animumque
433 3977 620 4134 singulorum
629 4039 757 4108 tribuum
769 4043 844 4106 adeo
855 4041 934 4102 clare
943 4056 972 4102 et
984 4035 1119 4104 distinete
1133 4039 1302 4123 detinente,

150 4129 194 4192 uti
207 4147 245 4192 ex
260 4125 381 4192 htstona
398 4129 519 4194 illorum
534 4129 640 4212 cuique
663 4125 830 4196 atteudenti
848 4121 961 4210 patebit
976 4151 984 4199 t
1013 4125 1211 4208 patriarcham
1227 4126 1305 4192 haec

150 4233 213 4280 non
229 4209 277 4276 sua
292 4213 462 4300 sagacitate,
477 4237 532 4282 nec
547 4213 679 4278 humani
694 4208 860 4298 prudentia,
884 4211 930 4274 sed
947 4209 1043 4276 afflatu
1058 4210 1137 4274 illius
1158 4207 1304 4278 Numinis

149 4301 226 4386 qnod
243 4295 326 4364 varia
340 4301 472 4394 ingenia,
486 4289 690 4384 diversamque
705 4299 840 4364 indolem
854 4296 992 4362 bmnium
1018 4295 1173 4362 hominum
1199 4299 1304 4364 intime

149 4385 335 4474 perspexerat
361 4403 391 4450 et
416 4387 616 4471 praeviderat,
644 4381 802 4450 necessario
818 4380 954 4448 confiteri
972 4384 1138 4470 oportebit,
1163 4382 1305 4468 quicquid
1407 4417 1412 4436 ι
1474 4383 1475 4390 '

147 4493 223 4560 gena
236 4471 405 4544 insanientis
419 4473 578 4559 sapientiae
594 4473 625 4538 iu
640 4473 824 4537 contrarium
841 4467 975 4533 affirmet.
