2950 4836
322 213 1075 338 eaneseoscmvx.
1243 165 1393 314 91'

156 417 253 521 787.
277 415 387 493 Van.
409 439 472 516 29·
492 407 588 498 'luis
616 407 818 520 ErOphir.
854 405 916 487 Ab
934 403 1029 503 'luis
1044 467 1054 499 ,
1070 401 1121 484 lic
1136 397 1293 506 diuum,

242 550 348 602 nom.
372 551 477 630 prop.
500 521 562 598 lilii
575 521 754 628 Jodlanis,
775 517 876 598 unde
891 545 1030 596 nomen
1051 517 1213 622 regionis
1230 513 1293 590 de-

241 629 407 725 sumitur,
421 653 456 712 et
472 629 637 736 designat
652 631 851 710 auriferam
866 631 965 708 illam
978 628 1170 732 regionem
1188 625 1223 702 in
1240 623 1293 708 A·-

240 746 341 822 rabia
362 743 500 835 Felice,
536 745 596 818 urbi
618 767 753 824 aurum
772 741 807 835 in
829 739 902 816 illis
923 737 1067 816 sedibus
1105 731 1294 840 purissime

244 856 384 932 micans
404 851 548 960 magnis
564 851 721 954 globulis
744 851 841 930 ultro
856 845 1057 944 effervescit
1081 873 1102 922 e
1123 841 1203 922 sinu
1221 862 1293 923 ter·

240 989 317 1052 rae,
334 983 450 1072 atque
464 987 618 1042 aureum
637 957 821 1070 pulverem
840 959 1043 1038 ferventem
1060 946 1205 1034 effudit.
1230 951 1294 1032 Ab

238 1066 321 1168 ‘luis
335 1083 379 1191 p'l
399 1072 548 1161 ferbuit,
568 1067 762 1177 splenduit,
784 1072 913 1149 micuit
932 1093 1019 1146 cum
1040 1065 1196 1144 feruore.
1228 1065 1289 1144 ΩΙ.

239 1181 449 1267 Bocbarrus
468 1185 565 1263 hanc
588 1208 721 1262 vocem
740 1177 842 1259 ducit
870 1212 879 1258 ι
913 1179 973 1256 Ab
992 1175 1073 1272 ³2³3
1097 1173 1293 1290 relisis,
1327 1258 1334 1276 ,

239 1297 296 1374 vel
311 1311 368 1412 μ’,
396 1291 649 1372 scaturientem
689 1309 723 1372 et
764 1293 964 1372 micantem
998 1287 1151 1392 copiam
1169 1310 1288 1364 rerum

85 1455 89 1462 -
241 1402 369 1514 sponte
379 1397 542 1484 fusurum
555 1399 686 1482 effudit
697 1438 710 1495 ς
729 1400 917 1482 srceadem
933 1399 1016 1507 ides
1028 1397 1133 1489 redit,
1150 1393 1292 1474 etianrli

209 1535 212 1542 ’
1206 1529 1294 1584 cum

155 1733 292 1804 nominis
305 1725 448 1818 Jofeplrus
463 1727 704 1828 ben-illidillarif
714 1732 746 1794 ln
767 1748 858 1815 opere
873 1722 1086 1875 genealogico,
1100 1741 1132 1820 er
1152 1720 1295 1870 Mohapr·

157 1826 228 1974 tel
245 1815 876 1998 stellulis'llltgttlllltldn
889 1817 988 1995 llll?
1009 1804 1293 1968 silfliisnb‘al,

156 1994 252 2060 silium
269 1987 368 2065 Noae,
386 2003 418 2052 ut
435 1986 505 2084 feras
519 2007 588 2049 eum
600 1985 696 2083 ipsum
712 1986 871 2079 Jeflane'rn
887 1981 1099 2080 innundequo
1113 1976 1224 2073 Moses.
1247 1977 1295 2072 113

182 2077 418 2146 euasisnomen
436 2075 527 2138 bodie
550 2092 585 2134 ue
600 2089 803 2157 incorruptum
829 2067 959 2156 luperest
986 2087 1016 2132 m
1046 2065 1118 2130 urbe
1148 2076 1295 2128 territum

201 2159 349 2242 trebensis.
378 2165 508 2252 mp‘l'l
547 2162 590 2228 ’2
608 2149 875 2242 Baifarlr-Jokram,
891 2175 981 2242 parva
1001 2151 1122 2236 quidem
1135 2149 1182 2213 fed
1199 2165 1294 2233 popu·
1416 2143 1423 2164 '
1468 2117 1470 2152 ²

159 2268 234 2349 losa,
249 2269 369 2334 aedium
386 2265 539 2340 strudma,
556 2281 732 2348 camporum
763 2279 794 2325 et
817 2258 945 2324 fontium
972 2258 1157 2324 amaenitate
1180 2257 1293 2323 nobili·

161 2355 274 2420 D‘oflis.
291 2354 453 2418 bochartus
469 2348 701 2427 demonstravit,
715 2347 873 2432 scriptores
886 2347 1011 2410 idoneos
1035 2363 1095 2410 non
1111 2342 1218 2427 deell'e,
1243 2337 1297 2431 qui

158 2457 268 2529 gentes
292 2460 329 2504 ex
354 2437 409 2502 illo
430 2437 569 2502 oriundas
593 2433 768 2498 nominarim
797 2429 964 2580 despuant.
1009 2426 1081 2496 Vid.
1104 2428 1205 2495 Bocb.
1226 2450 1297 2528 'geo

161 2527 270 2614 grapb.
301 2523 373 2588 sacr.
401 2521 500 2587 libii.
541 2541 571 2604 p.
591 2523 644 2604 98.
677 2538 804 2584 ereroo.
881 2517 922 2582 id.
946 2514 1036 2580 eriam
1054 2515 1188 2580 Gabriel.
1205 2518 1295 2582 Sron·

162 2631 240 2689 ram,
255 2612 291 2688 de
307 2610 495 2674 orientalium
513 2602 642 2670 urbibus.
683 2603 852 2678 Obleruard
865 2621 982 2687 quoque
997 2599 1118 2684 dignum
1133 2601 1185 2683 est,
1198 2601 1296 2668 Rabiri

164 2695 315 2775 Sardiani,
343 2695 373 2759 in
397 2693 532 2759 versione
553 2691 752 2756 Pentateuchi
779 2687 909 2752 Arabica
934 2707 988 2772 pro
1007 2691 1089 2779 liup’
1124 2686 1293 2758 substituisse

132 2839 139 2846 -
161 2798 295 2864 Cahtan.
339 2796 599 2862 Scoliailesetiam
623 2793 653 2859 in
671 2815 778 2881 poema
797 2793 926 2873 Abduni,
950 2797 1025 2878 apud
1042 2795 1174 2861 celeber.
1200 2797 1293 2862 Pocu-

163 2887 262 2964 lcium,
278 2883 307 2948 in
325 2885 402 2949 notis
416 2881 471 2945 fuis
487 2884 522 2947 ad
539 2881 688 2968 specimen
714 2881 853 2944 lrillorlae
870 2881 1012 2962 Arabum,
1033 2881 1163 2948 ostendit
1177 2881 1294 2968 Jokran

97 3035 107 3046 ,
162 2972 291 3036 eundem
308 2991 375 3034 cum
393 2968 508 3033 Cabtsn
524 2964 615 3032 fuisse.

206 3055 251 3120 Ex
268 3056 354 3120 ll‘lol'e
370 3053 462 3142 igitur
470 3052 626 3136 Jonasem
644 3073 735 3136 aeque
751 3071 786 3116 ac
797 3051 973 3140 Plralegum,
983 3049 1096 3116 Heberi
1111 3052 1202 3119 filium
1216 3051 1296 3120 suill'e

163 3139 291 3208 eonfiat.
333 3141 449 3204 Easdem
464 3139 562 3224 itaque
578 3139 681 3226 linguei
697 3137 735 3202 uli
754 3137 817 3203 sunt
833 3157 895 3204 rum
911 3137 1069 3223 Phalegus,
1083 3157 1145 3204 rum
1159 3137 1294 3220 jokranr

163 3226 207 3292 uri
223 3225 373 3314 Pbalegus
386 3224 520 3312 linguam
534 3225 704 3288 Hebraeam
719 3225 829 3302 fecum,
843 3223 885 3288 ita
896 3223 1009 3305 Joktarr
1027 3223 1057 3287 in
1074 3221 1140 3288 illas
1156 3225 1295 3314 regiones

164 3312 196 3378 in
212 3333 282 3398 quas
300 3317 497 3398 migraverat,
529 3309 688 3376 transtulit.
729 3307 843 3392 Jokran
859 3328 931 3372 uero
957 3307 988 3373 in
1005 3307 1144 3374 Arabiam
1162 3310 1294 3376 Felicem

164 3396 321 3484 migravit,
338 3395 474 3481 stiparet
488 3416 526 3460 err
541 3393 683 3482 ipsrlsrruis
697 3393 867 3460 nominibus
880 3393 1116 3479 provinciarum,
1129 3415 1207 3480 quae
1218 3397 1299 3463 varia

164 3483 256 3548 etiam
273 3480 399 3547 nomina
415 3479 542 3546 filiorum
557 3485 619 3568 eius
633 3479 725 3545 eriam
742 3481 839 3545 adhuc
865 3478 1050 3550 conservant.
1098 3487 1228 3568 Utraque
1247 3503 1298 3550 na-

165 3569 223 3648 rio,
239 3585 303 3635 turn
317 3567 463 3646 Hebraea,
479 3586 541 3631 rum
559 3567 698 3639 Arabica,
713 3569 838 3632 eandem
857 3565 898 3629 lin
923 3587 989 3630 uam
1013 3563 1149 3632 hauserat
1173 3563 1220 3630 ab'
1233 3567 1296 3635 He.

164 3655 262 3730 bero;
281 3651 548 3736 Hebraeaquidem
566 3673 618 3738 per
635 3652 813 3738 Plralegum,
839 3585 966 3718 frasica
984 3673 1056 3718 vero
1072 3673 1124 3741 per
1137 3650 1297 3734 Jmlaneln

165 3740 298 3825 ejusdem
317 3737 441 3803 fratrem
456 3765 466 3816 ς
480 3760 515 3802 ae
527 3739 651 3826 proinde
665 3735 767 3803 iisdem
786 3738 945 3804 utebantur
963 3739 1121 3814 radicibus,
1136 3761 1203 3806 eum
1222 3741 1297 3806 levi·

164 3825 232 3892 cula
245 3826 371 3909 quadam
386 3823 506 3892 dialesli
518 3823 676 3903 varietate,
690 3843 779 3907 quam
795 3823 904 3889 sedium
932 3823 1067 3891 distantia
1081 3823 1186 3892 sensim
1203 3825 1297 3892 intro·

164 3913 273 3976 dooere
288 3907 408 3975 debuit..
447 3907 562 3976 Harum
579 3908 714 3976 radicum
732 3929 872 4008 magnam
897 3907 1043 3992 jacluram
1061 3909 1132 3976 fecit
1156 3911 1299 3980 dialesius

164 3995 317 4072 Hebraea,
335 3995 364 4060 in
382 3993 529 4080 angustias
542 3996 626 4062 unius
639 3994 711 4060 l'acri
725 3999 836 4060 codrcrs
859 3993 989 4059 redadla.
1033 3995 1106 4062 Non
1133 4000 1211 4081 quod
1238 3999 1299 4085 ipl'a

164 4081 216 4146 susi
242 4101 357 4154 natura,
382 4077 418 4145 st
435 4095 545 4168 pauper
567 4099 598 4147 et
616 4081 732 4167 jejuna,
759 4101 790 4146 ur
816 4081 935 4166 quidam
961 4081 1015 4144 riri
1031 4083 1109 4148 dosii
1133 4103 1246 4150 temere
1270 4103 1301 4150 er
1343 4063 1357 4092 ⁵

162 4165 230 4232 srne
253 4167 320 4252 jure
333 4165 578 4251 pronunciemus,
589 4167 635 4233 l'ed
645 4167 711 4251 quia
728 4183 894 4312 tampades
917 4167 983 4230 lrbrr
1000 4187 1029 4231 m
1045 4169 1097 4234 tlla
1114 4169 1216 4256 lingua
1229 4191 1300 4236 con·

163 4251 270 4337 scripsi
283 4253 320 4316 ad
337 4252 571 4320 manus'nollras
623 4271 759 4318 rrenere.

165 4339 351 4420 Hebraeum,
366 4357 394 4422 p.
412 4361 444 4426 3,
457 4360 491 4421 4,
509 4361 542 4425 5.
600 4339 642 4405 'as
657 4359 729 4404 sero
755 4337 867 4404 radices
896 4333 1033 4404 feliciore
1055 4339 1119 4407 fsto
1135 4343 1300 4408 maximam

1185 4445 1302 4514 partem

836 4253 875 4317 id.
899 4250 1144 4322 Grammatiearn
1169 4257 1301 4324 nostram
1398 4256 1400 4269 ⁴
