2908 4832
857 0 1454 33 ἡ

156 295 250 410 78
349 379 359 405 ,
486 301 561 435 Δ1)(
580 273 746 385 Genuina
765 304 1001 412 Antiquitate

176 519 334 586 ‘torum
355 501 566 598 vocalium
585 506 858 618 impugnent,
891 503 1044 587 horum
1066 531 1166 591 cum
1197 511 1313 597 utili-

185 645 335 720 tatem,
352 643 445 706 tum
465 627 758 726 necessitatem,
777 631 1310 740 nontantunradlinguam

186 747 426 830 Hebracam
457 749 716 866 discendam,
750 751 819 833 sed
842 751 969 833 etiam
992 752 1046 830 ad
1069 753 1204 836 Biblia
1226 757 1310 840 lle·
1348 739 1350 744 ⁵

141 879 146 886 ‘'
184 870 329 952 braica
362 867 836 980 legendaspraesertim
866 901 918 956 ex
950 900 1037 981 quo
1056 873 1203 984 lingna
1236 879 1309 962 illa
1350 914 1353 928 ·

137 985 139 990 ¹
182 990 410 1076 vernacula
427 993 507 1076 elle
531 977 729 1094 desierat,
761 997 1013 1104 agnoscunt.
1078 997 1217 1080 Hocce
1239 1029 1308 1083 ve-

181 1139 233 1200 ro
251 1113 404 1214 seculo,
437 1118 615 1226 qnidam
653 1119 732 1198 viri
774 1117 887 1199 dodi
914 1119 1052 1205 ,exorti
1086 1121 1197 1218 sunt,
1231 1125 1306 1232 qui

178 1265 272 1320 non
310 1258 478 1320 tantum
531 1237 1034 1349 punctorumvocalium
1072 1245 1304 1330 novitatem

179 1360 335 1442 acriter
387 1347 687 1471 propugnant,
737 1363 1102 1470 inutilitatemque
1152 1392 1304 1450 eorum
1415 1413 1418 1416 ·

176 1483 492 1592 praedicantes,
525 1483 808 1591 audacterque
827 1483 1043 1594 discipulis
1064 1485 1145 1566 suis
1165 1489 1308 1572 incul-

180 1625 340 1704 cantes,
366 1605 573 1715 capotius
595 1607 903 1715 impedimenta
925 1603 1003 1686 elle
1026 1607 1078 1688 ad
1105 1601 1301 1717 linguam

179 1728 416 1812 Hebraeam
440 1727 701 1828 discendam,
736 1721 881 1810 verim
904 1728 1032 1810 etiam
1050 1729 1209 1839 pundla
1228 1733 1304 1815 illa

1172 1853 1299 1963 plani
1354 1860 1357 1870 '

46 2031 55 2052 ,
174 1969 260 2030 MSS.
276 1983 310 2030 et
324 1968 447 2050 quidem
462 1965 719 2041 meliorisnotaa
735 1963 975 2028 emendareanli
988 1963 1057 2027 lint.
1094 1969 1208 2030 Variae
1222 1989 1298 2034 vero

173 2050 329 2114 lestiones
342 2051 470 2130 proprie
486 2051 587 2110 dinae
603 2051 674 2110 sunt
688 2047 913 2128 discrepantiae
923 2048 958 2108 in
970 2047 1126 2108 codicibus
1141 2051 1302 2114 Hebraicis
1375 2049 1379 2056 ’

170 2133 309 2197 melioris
331 2146 442 2201 notae,
465 2149 530 2191 non
556 2151 631 2190 vero
647 2130 803 2190 manifesti
816 2149 938 2189 errores
957 2129 991 2188 in
1012 2129 1193 2210 quibusdam
1214 2136 1301 2198 Mss,

171 2213 387 2276 multominus
397 2213 568 2290 sphalmata
580 2213 818 2292 typographica,
832 2225 865 2272 et
875 2209 1037 2270 mendaces
1045 2231 1153 2272 vocum
1166 2212 1300 2275 Hebrai-

172 2313 281 2356 carum
293 2291 465 2360 verfiones;
487 2293 563 2353 talia
577 2293 660 2352 enirn
681 2311 875 2372 nequaqnam
890 2291 1017 2352 titulum
1034 2293 1222 2356 variantium
1236 2297 1300 2356 lec.

171 2377 296 2437 tionum
310 2389 482 2434 merentur.
524 2373 572 2433 Cl.
590 2370 668 2436 Lud.
683 2375 827 2452 Capellus
841 2393 879 2432 ex
892 2372 986 2434 variis
1006 2378 1078 2434 Vet.
1094 2373 1176 2434 Test.
1196 2378 1301 2455 libris,¹

169 2453 324 2518 excodice
335 2456 539 2529 Samaritano,
546 2454 698 2533 variisque
708 2453 1004 2514 editionibustcxtis
1015 2453 1301 2530 Hebraici,exuer—

170 2539 254 2600 fiune
265 2541 353 2597 Lxx
366 2539 587 2618 interpretum,
602 2537 743 2616 Aquilae,
759 2535 997 2608 Theodotionis,
1011 2551 1046 2596 et
1057 2539 1242 2615 Symmachi,
1257 2563 1298 2604 ex

169 2617 318 2699 Vulgare,
332 2617 466 2696 Syriaci,
481 2632 516 2678 et
530 2615 657 2678 Arabici
670 2616 818 2692 verlione,
843 2617 897 2676 dcc.
933 2617 1008 2677 1826
1022 2619 1125 2676 varias
1144 2619 1294 2683 lectiones

171 2699 310 2780 collegit,
339 2698 388 2758 uti
401 2699 521 2762 constat
538 2719 577 2758 ex
596 2699 713 2758 summa
731 2717 811 2779 quae
824 2697 864 2758 ad
877 2695 989 2756 calcem
1003 2697 1136 2758 Criticae
1149 2703 1258 2763 Sacrae
1273 2725 1296 2766 a,

167 2781 297 2860 capello
311 2780 375 2840 lilio
385 2779 453 2854 suo,
463 2777 574 2860 magni
587 2799 657 2838 eum
670 2782 796 2858 pompi,
808 2776 987 2858 apponitur.
1010 2783 1138 2855 Verum,
1152 2781 1210 2860 qui
1222 2783 1295 2868 lege

166 2881 278 2940 omnes
294 2863 355 2921 hae
374 2859 604 2940 discrepantiae
620 2863 776 2922 variarum
795 2861 963 2920 lectionum
979 2859 1105 2921 nomirae
1115 2864 1187 2940 jure
1200 2864 1296 2948 infige

166 2944 323 3017 nirenmr,
353 2941 491 3004 nondum
514 2941 656 3001 ostendit.
699 2941 759 3002 Ubi
777 2962 852 3002 vero
871 2941 1015 3019 Capellua
1042 2943 1071 3002 se
1094 2944 1229 3026 accingit
1251 2947 1298 3012 ad,

161 3022 378 3088 monstrandae
389 3024 424 3082 in
437 3021 593 3084 codicibus
606 3021 765 3082 Hebraicis
777 3023 1113 3100 discrepantissimum
1126 3025 1288 3088 solummo-

161 3107 204 3168 do
218 3119 351 3186 quatuor
365 3104 448 3163 circa
467 3107 595 3184 puncta,
619 3122 731 3164 novem
746 3105 829 3164 circa
849 3103 968 3178 literae,
996 3119 1129 3182 quatuor
1141 3105 1222 3166 circa
1234 3129 1291 3170 vo-

161 3202 391 3266 maneantque
406 3181 504 3246 solnm
518 3184 601 3245 circa
615 3185 754 3266 irttegroa
768 3183 1005 3245 versiculoa—“
1026 3187 1185 3266 Quamuun
1200 3185 1238 3248 ad
1255 3211 1287 3250 a.

162 3274 188 3308 “
208 3270 277 3342 lias,
291 3285 370 3347 quae
379 3265 506 3327 aliunde
518 3265 717 3346 colliguntur,
737 3267 800 3346 (uti
814 3279 906 3326 notat
915 3264 1099 3326 dodiiflimus
1109 3269 1288 3352 Templer),

163 3357 188 3390 ‘⁴
207 3351 366 3410 variarum
381 3349 551 3407 leciionum
572 3367 686 3408 nomen
705 3347 834 3408 minime
857 3354 1029 3408 merentur.
1072 3347 1103 3405 si
1116 3347 1204 3408 nobis
1216 3371 1291 3430 per..

163 3439 190 3471 “
209 3430 337 3491 suadere
350 3427 539 3494 vornitsetex
552 3428 756 3490 varietatibus
771 3428 804 3488 in
818 3427 955 3504 antiquis
967 3427 1152 3490 verfionibus
1165 3447 1290 3512 patere,
1331 3479 1346 3504 ,.
1438 3433 1440 3473 l

161 3519 187 3552 “
206 3531 312 3572 earum
340 3511 577 3572 concinnatores
591 3529 696 3570 coram
715 3507 848 3570 babuifl'e
871 3508 1022 3585 exempla,
1056 3530 1135 3588 quae
1156 3517 1286 3591 perinde

161 3599 186 3634 ‘⁸
207 3591 426 3670 discrepabant
440 3605 532 3671 atque
546 3589 709 3665 versiones,
724 3591 762 3648 ab
775 3588 927 3649 hodierno
943 3588 1047 3650 codice
1064 3590 1216 3656 Hebraico
1230 3597 1283 3658 de-

160 3681 185 3714 “
201 3672 377 3749 mamistrare
401 3671 573 3732 debuerats
602 3691 628 3732 s.
654 3673 863 3734 Transsatores
877 3689 917 3730 ne
932 3671 1094 3732 vellatum
1108 3675 1207 3752 pilum
1230 3679 1282 3738 ab.

159 3761 184 3794 “
204 3751 315 3816 errill'e
341 3755 376 3814 in
403 3753 573 3814 reddendis
595 3753 719 3814 vocibus
747 3751 915 3816 Hebraicis.
965 3771 994 3816 2·
1019 3753 1176 3814 Librarius
1202 3778 1282 3819 nun-

157 3843 182 3877 “
203 3853 294 3916 quam
309 3837 362 3898 suo
379 3833 506 3896 defnille
521 3833 632 3896 officio.
676 3832 935 3916 Quandoquidem
955 3833 1089 3894 varietas
1105 3836 1282 3916 imperitiae

158 3923 183 3957 “
204 3931 259 3978 aut
272 3917 414 3977 incuriae
429 3917 463 3974 in
476 3920 586 3976 horum
610 3917 710 3975 altero
723 3915 775 3974 vel
789 3929 921 3994 utroque
934 3916 1117 3989 ascribatur,
1129 3919 1222 3996 juxta
1236 3937 1287 3982 at..

155 4005 181 4038 “
201 4020 261 4079 que
286 3997 424 4059 defectui
437 3996 471 4056 in
481 3997 708 4076 exemplaribus
721 3995 895 4058 Hebraicis.
939 4015 965 4070 3.
981 3995 1110 4059 Ostendi
1127 4005 1285 4080 oportuir,

155 4086 180 4120 ‘¹
200 4100 296 4161 quare
316 4081 520 4152 Masorethae,
536 4077 574 4138 ad
589 4079 745 4156 stuporem
760 4077 907 4138 industrii
924 4077 958 4136 in
973 4079 1115 4140 omnibus
1136 4085 1289 4148 notandis

153 4168 178 4202 “
200 4181 278 4242 quae
292 4164 431 4240 speciant
444 4157 484 4219 ad
498 4173 620 4220 textum
637 4159 840 4233 Hebraicum,
858 4157 982 4224 silentio
995 4161 1206 4238 praeterirent
1219 4165 1280 4225 dis·

153 4249 178 4284 “
199 4243 378 4322 crepantias
389 4243 425 4300 in
437 4239 593 4302 Hebraicis
607 4240 774 4313 codicibus,
796 4259 871 4320 quas
887 4241 961 4300 olim
976 4241 1108 4302 extitiffe
1117 4243 1278 4324 opinatur.

152 4329 178 4362 “
200 4325 232 4384 si
242 4323 311 4403 quis
324 4320 445 4400 Capelli
460 4321 594 4402 vestigiis
607 4321 753 4398 insistere,
773 4319 824 4380 vel
840 4322 1009 4386 veritatem
1025 4323 1207 4400 Hebraiicam
1223 4347 1283 4389 ana

152 4411 178 4444 “
199 4404 296 4485 tiquis
308 4403 496 4464 verfionibus
512 4403 703 4463 conformem
718 4402 862 4480 reddere,
879 4405 1055 4479 moliretur,
1069 4407 1201 4486 perinde
1215 4407 1278 4470 fac·

152 4491 176 4525 “
196 4503 288 4546 turus
299 4485 355 4560 est,
372 4503 408 4544 ac
426 4483 557 4544 srsolem
573 4485 675 4564 ipsum
689 4485 729 4546 ad
744 4486 942 4567 horologium
958 4501 1093 4568 aptaret.
1135 4493 1208 4549 Non
1222 4489 1276 4550 de-

152 4571 177 4606 “
197 4581 248 4628 cet
262 4567 487 4648 quenquam'in
503 4565 584 4626 libro
608 4568 669 4627 Dei
682 4565 738 4626 ell'e
756 4581 818 4625 tarn
832 4561 1066 4649 ingeniosum.'''
1102 4569 1277 4636 Vidistin·

141 4650 211 4725 pler
227 4651 389 4712 Exercitus.
407 4647 539 4730 Theolog.
555 4649 588 4709 de
601 4649 684 4712 διον.
702 4647 826 4728 Conone,
846 4661 879 4728 p.
899 4665 946 4726 74.
