2952 4836
302 211 712 308 GENESEOS
757 209 959 290 Carnu
990 204 1140 288 XLIX.
1225 224 1300 302 251

169 412 291 500 2006.
309 411 467 510 witta?
498 411 543 490 ln
576 427 746 496 extremo
776 403 935 501 dierum,
970 433 1030 498 err.
1066 399 1194 510 praef„
1220 399 1308 476 let

249 523 383 620 17⁹]in
420 522 645 612 extremitas,
680 520 775 612 finis,
798 516 1022 625 ,subsequens
1050 514 1122 594 sive
1140 527 1308 592 extrema

251 657 332 739 pars
351 633 504 731 alicujus
525 630 678 737 periodi.
721 626 795 708 The
806 632 889 727 end,
904 631 968 711 ohe
978 625 1043 738 lost
1055 641 1144 732 port
1162 624 1235 722 osa
1246 635 1308 722 pe·
1347 712 1355 724 δ

250 741 342 834 rr'od,
379 767 402 818 α
421 741 621 854 jtibseqnent
648 742 775 850 period
800 737 955 848 ultime.
1009 738 1073 819 Ab
1093 737 1176 828 fines
1194 730 1310 810 distu-

250 854 306 934 lit.
363 849 454 930 vid.
486 877 590 932 num.
617 857 734 956 1695.
794 849 1025 930 Vetteodum
1045 851 1170 954 itaque
1189 844 1252 922 hic
1271 843 1310 920 itt

244 960 387 1070 posterii
407 960 536 1056 diebur,
559 988 633 1042 non
646 984 768 1068 autern
785 963 970 1076 noviffirrris
984 995 999 1050 ;Ἰ
1019 985 1108 1039 nam
1122 952 1308 1064 quaedam

254 1077 316 1156 hic
345 1075 522 1180 praedicit
541 1073 717 1180 Jacobns,
738 1098 849 1182 quae,
874 1099 922 1150 eo
940 1072 1131 1160 defensio,
1162 1063 1311 1144 nonita
1375 1061 1380 1086 ⁸

251 1186 372 1264 multo
392 1181 474 1289 post
510 1205 723 1278 evenerunt,
751 1201 893 1266 ettam
921 1182 1025 1290 saepe
1051 1181 1183 1278 l'l'ssiiiil
1201 1170 1311 1282 conse·

252 1314 387 1399 querres
415 1311 552 1380 aetates
571 1321 616 1376 ac
634 1296 825 1410 novtffirnas
843 1292 1011 1375 denotat.

801 1409 806 1420 '
1074 1459 1077 1476 t
1185 1418 1309 1501 2007.

169 1642 283 1693 retent.
322 1619 517 1708 Jacobushic
532 1643 672 1710 tanquam
692 1625 909 1714 promissorum,
934 1625 1064 1710 patribus
1081 1615 1313 1715 sationumhae·

171 1735 220 1778 res
234 1711 360 1786 ocuorit,
381 1710 429 1794 qui
451 1729 582 1776 amorte
597 1713 761 1796 proximus,
786 1710 1001 1778 haereditatem
1019 1709 1102 1774 iliam
1121 1727 1187 1770 cum
1204 1721 1315 1796 ptimo·

195 1797 330 1865 eniturae
345 1799 567 1894 praerogativa,
594 1797 737 1883 disponit:
766 1800 830 1886 lpse
856 1799 935 1862 enim
955 1795 1209 1883 primogeniturae
1225 1787 1317 1887 privt-

83 1890 89 1900 '
167 1822 255 1973 segia
267 1881 384 1956 adimit,
412 1901 469 1944 uec
491 1882 521 1946 in
534 1881 693 1965 sequentes
706 1889 833 1971 majores
844 1901 927 1962 natu,
943 1883 1100 1948 sennonem
1113 1892 1142 1943 et
1158 1877 1244 1950 Lern,
1266 1869 1316 1936 sed

172 1970 205 2037 in
219 1985 355 2054 quartum
369 1987 408 2031 ex
423 1967 481 2030 Leo
495 1966 602 2046 filium,
626 1969 752 2055 Judarm
780 1987 811 2036 et
825 1968 962 2036 Rachel‘r
978 1962 1214 2056 primogenitum
1229 1959 1316 2046 Jose·

165 2053 272 2142 phura,
295 2049 452 2118 transfert:
483 2055 592 2140 partim
618 2053 738 2140 reliquis
753 2057 888 2144 proprias
902 2055 1057 2152 pprtiones
1083 2057 1113 2118 iu
1128 2067 1204 2114 tetra
1221 2049 1317 2110 Caua-

173 2162 260 2218 naea,
273 2140 390 2223 ejusque
406 2135 502 2220 bonis,
515 2137 658 2206 adhibuit.
702 2139 751 2208 Ex
766 2163 826 2228 quo
840 2161 988 2231 genuinus
1001 2137 1133 2226 phraseos
1151 2134 1314 2226 ss'il'llijl

71 2236 75 2244 ’
175 2249 302 2340 Ε’ρζῡ
323 2243 354 2308 in
372 2259 506 2308 extremo
521 2245 636 2310 dierum
657 2245 878 2327 velannorum,
902 2244 995 2311 sensus
1021 2245 1098 2310 hand
1114 2241 1235 2309 obscure
1252 2259 1319 2326 pet·
1419 2289 1423 2306 .

174 2351 315 2438 spiciture
346 2349 460 2418 Phrasts
475 2351 560 2417 enirn
584 2351 706 2438 proprie
720 2351 882 2440 fignificat,
907 2350 937 2416 in
956 2349 1251 2434 pollerirotediernm
1268 2345 1320 2410 vel

175 2457 329 2518 mennon,
350 2436 371 2500 i.
388 2459 415 2501 e.
444 2437 508 2523 post
533 2437 724 2504 intervallum
754 2438 881 2522 plurium
906 2437 1036 2513 dierum,
1060 2435 1109 2500 nel
1133 2435 1163 2500 io
1180 2451 1321 2500 extrema

177 2545 261 2610 parte
277 2541 378 2588 certae
394 2523 518 2608 alicujus
534 2522 650 2609 periodi
668 2545 824 2590 annornm.
855 2523 999 2598 Declarat
1012 2521 1112 2606 itaque
1127 2520 1173 2588 liis
1185 2518 1319 2595 vocibus,

177 2617 201 2651 ‘⁸
217 2612 253 2673 Se
268 2606 336 2672 filiis
352 2609 537 2695 pronuntiari
562 2606 669 2674 sortem
687 2608 717 2674 in
733 2607 918 2675 haereditate
932 2626 1067 2696 paterna,
1091 2628 1167 2692 qnae
1184 2604 1251 2691 ipsis
1264 2603 1322 2667 ali·

177 2700 200 2733 “
217 2693 356 2777 quamdin
371 2693 447 2780 post,
471 2697 603 2778 adeoque
619 2716 699 2780 nova
720 2697 750 2760 in
765 2696 886 2778 perioda
903 2715 1060 2770 annorum,
1075 2693 1132 2778 qud
1148 2691 1320 2780 promissum

180 2785 203 2822 “
221 2779 409 2864 impleretur,
433 2798 463 2844 et
481 2801 560 2845 nova
573 2783 754 2846 oeconomia
767 2781 869 2870 legalis
884 2781 1066 2868 inciperet.''
1079 2779 1082 2786 '

221 2853 268 2930 Ex
283 2863 396 3013 puibus,
411 2867 562 2947 omnibus,
584 2883 719 2952 apparet,
743 2866 889 2950 Jacobum
906 2869 963 2932 hac
977 2867 1007 2932 iu
1030 2864 1168 2931 oratione
1182 2861 1251 2928 filiis
1268 2857 1322 2925 suis

60 3017 67 3032 ,
175 2951 215 3015 ob
229 2972 285 3016 ocn
299 2971 332 3014 os
349 2971 472 3035 ponere,
488 2971 549 3018 non
562 2973 636 3037 quae
651 2951 718 3038 ipsis
734 2955 783 3019 snb
797 2953 888 3022 finem
904 2951 1103 3019 oeconomiae
1118 2951 1235 3038 legalis,
1247 2965 1322 3012 tern-

177 3055 251 3124 pore
268 3037 386 3102 Melsrae
400 3039 568 3114 evenirent,
591 3039 638 3102 sed
654 3060 742 3124 quant
756 3039 866 3104 sortem
883 3039 1135 3114 nanciscerentur,
1160 3053 1188 3100 et
1207 3055 1264 3116 qua
1278 3053 1323 3096 ra·

177 3125 261 3190 tione
277 3121 336 3188 sese
351 3121 381 3188 iu
398 3145 432 3188 ea
448 3123 608 3203 haberent,
631 3123 957 3212 temporeposs'esiionis
973 3141 1071 3190 tettae
1088 3127 1262 3196 Cananeae,
1286 3113 1324 3182 ab

179 3209 246 3296 ipsis
263 3211 423 3275 adeundae.
460 3209 608 3275 Distiolia
623 3209 751 3275 tribuum
769 3214 898 3291 mentio,
914 3229 944 3276 et
959 3207 1118 3294 peculiaris
1128 3207 1190 3271 sors
1203 3205 1324 3293 singuiis

181 3295 325 3368 attributa
337 3294 486 3378 Jacobntn
511 3297 561 3360 hic
576 3296 613 3361 de
627 3292 720 3374 sorte,
742 3315 830 3380 qaam
847 3293 888 3361 lin
914 3296 956 3363 nli
975 3295 1207 3360 inhaereditare
1229 3293 1323 3357 Cana·

182 3403 258 3448 naea
275 3379 530 3462 nanciscerentur,
541 3382 673 3448 locutum
684 3381 765 3448 suilie
783 3317 997 3448 denoniranr.
1038 3379 1179 3464 Denique
1197 3375 1219 3444 st
1237 3399 1325 3466 argu-

182 3484 318 3534 mentum
332 3465 489 3544 otntionis,
505 3465 620 3552 ejusque
637 3467 727 3532 rerba
739 3485 770 3534 et
786 3469 904 3556 phrases
919 3470 1150 3554 perpendamus,
1163 3465 1269 3530 conns
1284 3483 1325 3528 eo

181 3554 307 3620 tendere
318 3553 587 3634 deprehendemus,
607 3569 637 3618 ut
651 3553 759 3638 partim
771 3556 1024 3642 primogeniturae
1044 3569 1142 3636 partes
1158 3551 1250 3616 tribus
1262 3571 1327 3615 ma·

175 3639 293 3724 joribus
308 3635 376 3702 filiis
391 3658 527 3723 ereptae,
538 3639 637 3724 Jndae
653 3657 684 3705 et
697 3637 842 3724 Josepho,
856 3641 902 3704 illi
919 3639 1114 3723 principatus,
1128 3635 1198 3702 hnic
1212 3635 1326 3721 duplex

183 3729 330 3790 bonorum
352 3725 457 3807 portio,
479 3727 668 3802 adicientur,
693 3725 800 3808 partim
816 3725 998 3810 reliquorum
1012 3724 1166 3812 portiones
1178 3723 1208 3788 io
1222 3723 1327 3788 haete-

181 3812 279 3879 ditate
293 3807 483 3886 Cananaeae,
498 3813 575 3896 quod
593 3809 641 3874 vel
655 3807 744 3876 fitnm
760 3813 808 3875 vel
821 3809 955 3878 indolem
971 3832 1071 3878 catum
1091 3809 1263 3898 regionum,
1277 3809 1327 3873 de·

182 3899 350 3972 linirentur,
374 3893 461 3962 simul
482 3899 594 3973 modus,
613 3917 673 3980 qno
687 3898 745 3962 sese
759 3895 868 3986 singuli
884 3897 914 3962 io
930 3911 1031 3964 earnm
1057 3895 1223 3985 possesione
1239 3915 1329 3984 gere·

181 3999 261 4055 rent,
288 3979 395 4058 indoli
414 4001 445 4046 et
469 3982 556 4049 statui
578 4003 683 4048 eorum
712 3985 941 4065 convenienter,
964 3983 1004 4048 ob
1021 3985 1125 4048 oculos
1150 3988 1328 4069 poneretur.

184 4066 314 4167 Jacobus
333 4068 412 4131 enim
432 4089 491 4134 oon
513 4067 689 4154 simpliciter
704 4067 852 4134 benedixit
864 4069 944 4144 filiis,
967 4070 1015 4135 sed
1039 4067 1162 4156 siugulis
1177 4068 1328 4155 propriam

62 4177 67 4198 ·
184 4175 215 4220 to
230 4148 436 4232 benedicitione
453 4173 483 4221 et
508 4155 696 4222 haereditate
713 4171 839 4238 paterna
853 4159 964 4222 sortem
991 4155 1135 4222 divinitus
1148 4155 1327 4242 adsignavit,

182 4241 280 4338 magis
296 4235 429 4308 minutio
453 4242 639 4330 prosperam,
666 4239 854 4327 singulorum
881 4239 971 4310 statui
995 4261 1026 4310 et
1040 4239 1134 4326 indoli
1149 4263 1337 4402 congegarnd·

945 4353 950 4373 ¹
1272 4349 1309 4396 uo
