2960 4828
390 179 716 264 EXODI
781 178 1151 263 Gnoutxxvr
1274 197 1357 282 355

156 367 159 374 ’
241 380 319 481 jam
338 375 814 486 apparetspiendidisstmut
832 380 893 456 iiie
917 379 1014 456 nitor
1035 379 1287 482 geminarum,
1316 389 1354 462 oi

246 488 440 596 praecipui
469 489 533 570 sub
557 491 722 570 sororuio
745 485 893 560 [ousion
911 483 1013 578 ῑΨΠ,
1044 483 1137 567 iilud
1152 513 1354 564 oruamen-

246 621 326 680 tum
348 627 426 711 quo
444 605 593 680 oracula
613 621 648 680 et
662 602 804 703 judicia
825 598 1012 686 coeiessia,
1034 601 1134 706 quast
1153 597 1352 706 eiiquauda

187 782 191 792 .
243 726 282 807 ‚et
301 711 541 814 dijudicanda
563 713 702 792 forent..
737 715 772 790 A
791 706 875 804 iiiiii
885 751 1011 822 U».
1024 709 1189 815 pulcher.
1208 709 1355 816 formo,-

244 824 298 902 sus
318 823 401 902 suit.
462 827 507 907 A
522 822 758 930 irrasi-piare,
788 819 1058 929 aspari-(quarte
1077 821 1178 898 when
1198 815 1350 912 doubled,

245 937 366 1016 wudich
384 951 465 1018 idos
484 935 638 1046 inserted
652 941 726 1014 into
745 961 769 1014 a
783 935 894 1045 spade
911 931 958 1042 ff
967 935 1024 1012 the
1034 932 1135 1041 seinte
1155 930 1358 1046 dimenfiom

247 1056 291 1130 in·
304 1053 362 1132 the
381 1053 499 1154 ephod,
508 1051 587 1156 jusi
605 1051 719 1160 before
737 1054 796 1130 tire
814 1047 991 1158 breostos
998 1051 1056 1128 the
1075 1047 1193 1156 Priefl
1209 1081 1224 1127 .·
1256 1055 1359 1154 Upon

246 1169 317 1244 this
338 1195 436 1246 were
456 1167 593 1248 twelve
615 1172 773 1274 preciom
788 1165 978 1281 florresset
996 1171 1034 1244 in
1053 1163 1150 1274 guid,
1176 1168 1280 1280 ‘quiid
1299 1167 1356 1244 tire

245 1307 361 1362 nomes
389 1283 436 1393 of
457 1287 517 1364 the
548 1282 684 1366 twesve
704 1287 819 1366 ‘tribes
848 1283 895 1380 of
917 1281 1036 1389 Israel
1047 1277 1241 1390 engruve'r
1266 1300 1356 1388 upon

178 1439 209 1463 ι’
242 1397 378 1510 rheni(
408 1401 437 1509 ).
713 1389 754 1474 ι’.
781 1389 786 1396 ’

190 1531 311 1614 2532.
341 1521 448 1594 Vun.
472 1541 508 1617 9.
542 1515 670 1614 0'2313
695 1517 881 1594 Strut‘iura
901 1515 950 1591 rei
975 1531 1295 1626 nientevconcepto
1317 1534 1355 1596 et

242 1629 471 1732 excogitata,
514 1655 690 1698 νποτυπωσκ
725 1628 929 1729 exempiar,
964 1623 1178 1717 similitudo,
1208 1625 1346 1708 sutura.

243 1737 291 1818 A
309 1751 468 1842 patrem,
502 1735 623 1814 model.
684 1741 718 1814 A
739 1740 818 1832 fii?
837 1729 1054 1813 aedificavit
1077 1733 1158 1844 (u).

178 1997 184 2012 ·
227 1969 271 2050 (n)
284 1961 545 2061 Constabttqoein
556 1984 647 2044 noym
661 1966 795 2056 Spracidi
809 1967 924 2046 xiv,tz·
934 1965 1081 2050 Josepit'o,
1093 1985 1124 2032 et
1140 1967 1356 2053 interpretibus

186 2051 290 2131 LXX,
314 2078 354 2122 ex
376 2059 481 2122 eadem
505 2057 628 2122 materia
648 2059 704 2138 qud
719 2057 830 2141 ephod,
851 2055 976 2140 longum
993 2073 1023 2117 et
1039 2057 1133 2119 iatum
1151 2073 1209 2118 tres
1225 2056 1355 2140 peintus,

137 2206 142 2216 ,
185 2139 287 2224 Exod.
303 2141 412 2222 xxviii,
432 2143 477 2206 1⁶.
491 2143 610 2224 quando
624 2159 689 2204 erat
702 2142 899 2241 duplicatum,
914 2140 1166 2226 quatuorannuiis
1179 2141 1356 2210 insirudiurn

187 2245 262 2301 erar,
278 2231 350 2311 quos
364 2231 438 2293 duae
454 2228 611 2290 catenulae
625 2249 721 2292 aureae
738 2235 833 2313 supro,
852 2227 942 2290 vittae
957 2225 1170 2309 hyacinthinae
1184 2226 1273 2306 inira,
1287 2251 1357 2295 cunt

152 2309 154 2314 ’
187 2314 287 2394 ephod
305 2313 546 2379 counediebtnt:
572 2314 649 2378 Huic
667 2315 796 2380 insertae
821 2333 904 2378 erant
932 2311 1093 2377 duodecim
1120 2335 1276 2402 gemmae,
1303 2337 1357 2402 per

187 2415 313 2480 quatuor
328 2401 448 2466 ordines
467 2399 610 2486 digestae,
633 2400 737 2484 quibus
766 2401 912 2484 insculpta
936 2419 1020 2478 erant
1038 2399 1161 2464 nomina
1173 2399 1305 2468 filiorum
1321 2401 1357 2466 is-

187 2486 299 2560 raeti„
322 2507 392 2572 quas
407 2485 480 2572 ipsas
495 2485 620 2552 nomine
644 2494 778 2562 mni
797 2490 923 2557 m’nin
945 2486 1109 2570 appetitus
1123 2485 1218 2562 sitisse,
1238 2486 1356 2554 videtur

186 2569 300 2655 liquere
314 2594 352 2636 ex
370 2571 470 2640 Exod.
487 2593 624 2655 xxxu,q.
637 2591 665 2636 et
682 2566 810 2648 coiiatis,
828 2573 928 2635 Exod.
943 2573 1052 2650 xxxix,
1068 2594 1103 2637 ιο
1130 2570 1229 2656 Lepit.
1245 2573 1308 2656 viii,
1324 2575 1353 2640 8.

188 2655 276 2720 Licet
290 2657 340 2722 aiii
358 2677 464 2743 putent
480 2681 515 2724 ea
528 2657 583 2722 esse
597 2657 816 2744 distinguenda,
829 2675 870 2719 ex
884 2661 1011 2742 eoquod
1025 2657 1135 2750 iegitur
1150 2657 1356 2740 Exodxxviii,
1373 2701 1375 2709 ι

192 2763 229 2822 17
246 2761 277 2806 et
296 2761 343 2824 30.
358 2747 517 2830 aliquando
530 2763 559 2808 et
572 2745 675 2821 Urim,
691 2741 753 2809 non'
765 2743 878 2828 adjedia
890 2764 966 2807 voce
983 2749 1121 2825 toton,
1139 2765 1356 2834 nuncupantur,

189 2829 289 2897 Num.
307 2853 402 2898 xxvtt.
418 2853 470 2898 21.

228 2939 275 3021 (u)
292 2939 385 3008 Hicce
398 2938 496 3006 versus
510 2936 598 3020 piane
609 2957 780 3023 repuonare
794 2937 884 3002 nou.
895 2937 1031 3022 Speuieri
1047 2935 1212 3008 sententiae
1225 2939 1356 3017 videtur,

188 3023 238 3106 qui
259 3027 408 3126 tempium
433 3024 555 3098 mobile,
579 3024 627 3088 rei
652 2993 876 3088 taierrntcuiurn
901 3022 1015 3108 popuii,
1040 3023 1196 3107 praecipue
1212 3025 1308 3094 studio
1323 3046 1358 3092 et

189 3111 336 3176 voluntati
352 3111 501 3210 principia
517 3107 655 3184 debuisse,
679 3131 740 3174 non
759 3109 861 3174 divino
878 3127 1053 3196 praecepto,
1077 3109 1203 3194 probare
1218 3129 1356 3192 conatur,
1466 3159 1469 3192 r

190 3218 258 3261 curn
274 3215 340 3262 tota
355 3199 497 3264 historiae
511 3195 670 3281 descriptio
682 3198 866 3259 contrarium
879 3195 1036 3259 ciariffime
1047 3197 1166 3259 docear.
1185 3201 1261 3261 Corn
1275 3197 1358 3264 enim
1468 3255 1469 3260 ,

188 3284 335 3349 sumntum
351 3306 462 3350 numen
479 3281 533 3348 fibi
549 3285 585 3348 de
601 3282 759 3347 domicilio
775 3280 942 3366 prospicere
956 3281 1140 3356 intendisset,
1164 3301 1226 3348 rem
1241 3286 1276 3350 ad
1293 3287 1359 3350 cui-

189 3386 254 3432 tunt
271 3365 364 3444 snum,
377 3393 464 3456 quam
482 3371 635 3455 regiminis
650 3368 769 3447 sosium,
785 3367 889 3454 Mosen
906 3367 1003 3432 secum
1017 3367 1047 3431 in
1064 3385 1201 3434 montem
1218 3369 1356 3452 abduxit,
1468 3375 1469 3384 ’

189 3453 300 3538 ipsique
320 3441 437 3520 ibidem'
456 3475 524 3519 ante
549 3456 652 3518 oculos
672 3453 782 3542 justum
801 3455 958 3536 exemplar
973 3469 1019 3520 aut
1041 3449 1268 3532 similitudinem
1284 3459 1358 3523 deii-

170 3540 313 3622 'nervit3
337 3543 495 3606 secuudum
512 3561 613 3626 quarn,
637 3543 672 3604 ad
690 3539 834 3618 amussim,
861 3542 957 3626 ipsum
974 3559 1114 3604 extruere
1134 3537 1358 3609 tabernaculum
1468 3547 1469 3572 ³

185 3626 275 3712 jussit.
321 3627 369 3692 Sic
394 3627 472 3692 enirn
504 3629 531 3691 se
559 3628 669 3692 habent
695 3627 848 3712 adipsum
876 3624 967 3690 verba
988 3625 1192 3708 Jteirovae:·“
1214 3626 1358 3695 Omnino

190 3720 213 3750 “
237 3731 325 3800 prout
349 3712 505 3784 ostendum
531 3711 586 3778 tibi
607 3711 784 3784 sirudiuram
805 3711 893 3797 ipsios
914 3712 1111 3788 tuberotcuii.
1132 3726 1162 3777 et
1182 3711 1357 3782 urunuram
1468 3719 1469 3724 ’

188 3806 212 3852 ‘J
236 3801 372 3868 omnium
390 3803 656 3866 instrumentorum
674 3803 748 3885 ejus,
770 3797 904 3886 sicergo
920 3815 1024 3863 curato
1042 3797 1141 3864 sieri.’'
1184 3801 1359 3888 iterumque
1467 3803 1469 3868 Ῑ

189 3906 252 3948 ver.
274 3905 325 3968 40.
351 3895 372 3925 ‘⁸
398 3885 479 3951 Vide
494 3887 598 3974 igitur,
623 3905 654 3950 et
670 3886 716 3950 sac
730 3907 768 3949 ex
784 3885 927 3952 strudiura
948 3883 1083 3960 diorum,
1107 3905 1181 3970 quae
1198 3885 1251 3952 tibi
1267 3889 1360 3953 exhi·
1467 3889 1468 3960 ξ

189 3979 213 4010 “
237 3971 299 4035 bita
314 3971 355 4037 esi
371 3973 402 4038 iu
422 3993 527 4040 moute
539 3977 575 4048 ;’'
597 3973 678 4056 quod
692 3973 789 4038 etiem
801 3971 830 4036 ie
855 3973 915 4036 itur
930 3971 1030 4038 Exod.
1045 3971 1131 4050 xxvi,
1146 3989 1198 4056 3⁰·
1221 3991 1252 4038 et
1266 3994 1359 4062 egre-

187 4055 239 4140 gie
255 4057 348 4124 etiem
362 4079 381 4124 a
393 4059 550 4142 Stephano
566 4057 723 4137 edoctum
741 4063 765 4099 ‘⁸
787 3991 1035 4124 Taiiernaeulum
1050 4056 1217 4124 testimonii
1233 4058 1289 4126 fuit
1304 4081 1359 4148 pa·
1466 4075 1468 4130 f

190 4148 213 4180 “
237 4143 333 4208 tribus
348 4146 453 4210 nostris
466 4147 496 4211 in
510 4143 640 4227 deserto;
657 4160 745 4231 prout
757 4143 893 4213 edixerat
908 4143 944 4224 it,
959 4141 1010 4230 qui
1026 4142 1141 4208 dixerat
1158 4143 1250 4226 Most,
1271 4163 1302 4212 ut
1319 4149 1360 4213 sa·
1467 4223 1468 4228 ἵ

188 4233 209 4270 “
233 4247 314 4294 ceret
339 4229 412 4294 iliud
437 4231 597 4300 secuudum
624 4229 782 4316 exemplar
806 4232 888 4316 quod
908 4229 1035 4307 uiderat,
1055 4231 1123 4296 An.
1138 4229 1275 4314 rii‚44.''
1318 4236 1359 4301 Et
1465 4229 1468 4296 i

190 4315 350 4400 apostolus,
373 4321 396 4354 “
419 4315 499 4382 Vide
514 4315 614 4396 euim,
628 4317 744 4402 iuquit,
768 4332 797 4384 ut
813 4316 904 4384 iacias
918 4317 1020 4381 omnia
1036 4317 1072 4381 ad
1089 4319 1258 4404 exemplar,
1280 4323 1359 4404 quod

188 4408 211 4440 “
227 4399 382 4467 ‘osieusutn
400 4399 454 4467 tibi
471 4405 502 4468 in
520 4423 637 4479 monte,
661 4401 818 4470 Hebsvin.
834 4407 888 4480 5.''
929 4401 1059 4468 Ubinam
1082 4403 1185 4492 igitur,
1205 4403 1297 4472 sacitu
1317 4407 1359 4472 se·

192 4490 322 4556 ouudurn
345 4490 444 4556 ideint
465 4510 572 4559 eorum
591 4509 665 4580 quae
686 4488 785 4560 ridisii
802 4491 833 4558 iu
848 4487 1015 4579 AEgypto?

1344 4611 1402 4626 1-
