2924 4832
196 208 256 330 '46
351 305 354 310 ,
473 207 536 294 De
566 210 798 318 Antiquirare
827 231 864 294 et
894 177 1128 301 Utilitate'

256 414 427 498 Indoles
449 395 622 523 lingbae
641 416 848 498 Arabicae
868 415 1017 500 eadem
1039 417 1096 500 est
1118 445 1165 499 ac
1189 446 1236 500 ea
1254 421 1339 504 He·

195 531 365 634 braeae,
398 542 477 620 viz.
513 541 636 646 quod
654 540 782 620 verba
816 539 1031 648 primitiva
1052 540 1135 622 five
1157 545 1337 640 radices,

195 691 251 748 ex
279 659 451 743 diversrs
476 661 801 744 consonantium
832 661 1224 772 conjunsiionibus,
1259 693 1338 774 per

196 784 355 868 triadas
378 783 612 894 composita
633 783 748 880 sunt,
785 785 842 864 ita
872 807 920 865 ut
949 787 1087 866 variae
1117 789 1338 870 combina-

193 909 332 991 tiones
349 927 392 986 et
410 905 703 1014 copulationes
724 909 800 1014 p'er
822 930 906 987 tres
927 906 1069 989 literas
1091 909 1334 1018 plusquam

193 1033 343 1120 decern
372 1028 504 1110 millia
534 1029 728 1111 radicum
757 1025 962 1126 efficiant,
996 1031 1124 1112 etiam
1152 1031 1203 1112 iis
1232 1061 1336 1114 con-

185 1151 487 1269 junslionibus
509 1151 663 1247 vitatis,
697 1177 806 1260 quae
834 1177 888 1242 ex
909 1157 1115 1234 concursu
1138 1176 1334 1263 guttura·

190 1277 296 1362 lium
319 1276 542 1357 literarum
564 1273 668 1356 orirt
654 1272 856 1382 polsrnt.
900 1275 966 1361 Ex
987 1274 1065 1366 hac·
1086 1277 1230 1356 indole
1253 1278 1336 1362 lin«

191 1425 303 1508 guae
324 1395 534 1482 Arabicae
553 1395 679 1478 fluxit
701 1423 955 1505 permanens
977 1398 1048 1483 illa
1069 1398 1267 1480 stabilitas
1290 1423 1334 1482 et

192 1519 443 1616 constantia,
462 1518 523 1601 illi
538 1521 779 1608 communis
795 1547 893 1600 cum
910 1543 1042 1603 matre
1058 1521 1126 1602 sut
1139 1523 1329 1620 Hebraea,

153 1675 157 1680 ·
191 1641 277 1753 qui
297 1642 446 1751 lingua
467 1641 602 1728 hacce
621 1669 697 1751 per
715 1639 780 1728 tot
799 1641 929 1726 millia
946 1670 1159 1725 annorum
1181 1647 1331 1727 eadem

190 1763 440 1878 permansit,
477 1786 521 1846 et
558 1791 830 1873 nequaquam
870 1765 981 1858 hisee
1018 1767 1331 1861 mutationibus

193 1888 352 1999 quibus
372 1888 477 1970 aliae
499 1887 686 2004 linguae,
723 1889 913 1974 obnoxia
933 1886 1031 1970 fuit.

254 2011 421 2120 Lingua
449 2009 605 2092 haecce
633 2009 818 2100 maxime
846 2011 917 2094 sua
938 2010 1238 2156 perspicuitate
1259 2041 1333 2096 ex·

189 2133 346 2226 cellit3
388 2132 446 2214 est
477 2133 592 2214 enim
626 2131 688 2212 illi
719 2135 947 2219 rotunda
937 2163 981 2215 m
1016 2133 1178 2218 summi
1207 2135 1333 2244 copia

188 2255 388 2349 brevitas,
421 2279 469 2334 ea
501 2253 802 2365 perspicuitate
832 2257 976 2364 paucis
997 2245 1185 2352 tradens,
1220 2285 1334 2366 quae
1444 2357 1445 2360 p

189 2405 282 2466 non
304 2375 384 2459 nist
396 2401 481 2486 per
504 2376 657 2457 multas
680 2377 879 2485 ambages
901 2379 990 2461 aliis
1013 2380 1172 2488 linguis
1194 2381 1329 2488 expli
1443 2471 1444 2484 Ν

190 2523 360 2584 centur.
409 2513 457 2547 ‘⁸
490 2499 681 2608 Neque'
671 2525 716 2579 rn
748 2499 865 2580 nulli
893 2500 1007 2582 certe
1029 2503 1165 2584 laudis
1190 2525 1328 2609 parte,
1442 2521 1444 2614 ξ

191 2638 233 2680 “
255 2619 466 2726 mirailla,
493 2618 652 2736 (inquit
675 2619 924 2738 docilissimus
944 2621 1214 2736 Pocockius),
1246 2625 1334 2733 qua

190 2759 224 2800 ‘⁸
255 2773 343 2828 non
377 2739 508 2828 solum
541 2744 815 2829 verborum'
805 2773 850 2826 m
871 2745 1150 2856 significando
1172 2750 1331 2858 perspi

87 2857 92 2870 ’
190 2882 223 2922 “
255 2867 422 2963 euitati,
446 2867 547 2948 sed
537 2895 583 2960 ιη
604 2867 845 2976 prolatione
862 2867 1097 2976 elegantiae
1119 2891 1161 2950 et
1183 2871 1332 2954 dulce

190 3005 224 3044 ‘⁸
256 2991 348 3072 dini
370 3010 595 3087 caverunt,
631 2990 825 3078 sedulitas
850 3026 861 3086 ;
886 2991 1064 3100 ‘quaque
1087 3019 1174 3072 non
1197 2985 1331 3082 solum

191 3127 223 3167 ‘⁸
256 3110 454 3196 accurati
473 3112 587 3193 inter
609 3103 749 3194 literas
771 3137 813 3195 et
833 3113 1064 3222 significati
1086 3116 1337 3224 proportio·¹

189 3249 223 3291 “
256 3265 326 3335 ne,
349 3235 487 3316 sensus
506 3234 574 3316 vel
595 3233 825 3318 intensioni
849 3240 914 3318 vel
934 3237 1175 3334 remissioni,
1199 3257 1331 3346 prout
1442 3323 1443 3326 r

191 3372 222 3412 ‘⁸
254 3387 319 3442 res
353 3357 642 3467 postulaverit,
677 3359 895 3440 literarum
918 3357 1200 3468 app'osrtione,
1234 3360 1334 3441 sub-.

188 3494 222 3534 “
255 3480 474 3579 duslione,
498 3481 564 3561 vel
581 3483 707 3591 juxta
729 3492 991 3596 organorum
1015 3481 1195 3577 ratione,
1228 3510 1329 3591 pro-

188 3615 221 3660 “
253 3603 484 3712 spexerunt
503 3636 514 3697 3
542 3603 674 3686 sedet
696 3601 750 3684 ηὲ
769 3606 874 3712 quid
898 3603 1135 3684 delicatulis
1156 3605 1335 3690 auribus.

192 3739 225 3779 “
257 3728 492 3836 ingratum,
526 3723 579 3806 ιιὲ
610 3727 713 3834 quid
739 3727 962 3816 borridum
986 3749 1058 3806 aur
1084 3763 1241 3825 ασυμφωιω
1262 3757 1333 3810 τε..

184 3861 217 3904 ⁴‘
248 3850 453 3961 periatur,
477 3847 726 3931 effecerunt.
763 3852 856 3938 Hoc
874 3852 918 3944 in
936 3878 1094 3960 genere
1111 3855 1184 3950 est,
1209 3851 1326 3961 quod

186 3985 219 4027 “
252 3972 445 4082 nuspiam
478 3971 523 4052 in
549 3974 677 4054 verbo
699 3971 858 4080 aliquo,
893 3975 1107 4082 genuinae
1130 3979 1245 4084 apud
1268 3979 1333 4056 A-

184 4105 217 4149 “
249 4096 370 4178 rabes
393 4095 590 4204 originis,
618 4116 895 4193 concurrant,
921 4124 1007 4177 non
1030 4097 1328 4182 intercedente

181 4229 215 4272 “
245 4219 402 4300 vocalis
435 4219 612 4326 alicujus
645 4220 850 4317 motione,
890 4220 1186 4317 consonantes,
1224 4247 1328 4305 cum

182 4350 230 4400 “
249 4342 319 4466 vel
339 4363 424 4428 tres
444 4339 513 4428 vel
533 4343 694 4456 plures,
718 4341 840 4432 aliis
828 4369 876 4431 tn
897 4343 1056 4454 linguis
1078 4336 1346 4453 frequentet&

981 4479 1011 4522 “
1044 4467 1329 4591 collidantur,
1440 4533 1442 4554 .

57 4601 131 4630 A
