2942 4836
326 243 433 327 Lm
469 242 506 322 ll
540 243 562 326 I
597 243 637 322 T
673 242 765 323 1.c
797 183 835 321 I¹
888 241 1065 322 citimi
1095 243 1142 322 X.
1236 263 1321 342 411..

370 549 659 634 CAPUT
726 555 799 626 X.·
859 485 1098 630 Vaasusi.
1318 485 1329 500 ι

291 767 434 876 ”tt
456 702 1237 985 Ptiitirtltiinttitt
1251 795 1318 960 t:
1384 821 1454 848 ··

206 995 360 1102 plicatis.
394 998 439 1080 A
457 999 580 1103 censer.
628 1021 666 1082 2·
690 995 780 1083 Vas,
804 991 1088 1072 instrumentum
1109 990 1243 1076 favillis
1263 1016 1319 1070 re·

206 1105 401 1191 movendis
420 1127 563 1216 aptum.
609 1102 699 1185 vid.
722 1127 827 1184 num.
851 1101 971 1206 2567.
1030 1104 1318 1214 Antinum

206 1215 321 1310 totfit,
344 1220 542 1300 contosfit.
843 1261 849 1274 ·
1217 1217 1237 1234 '⁰

153 1327 272 1431 2870.
305 1329 417 1410 Vicit.
442 1357 479 1436 3.
514 1328 627 1424 Diis!
659 1326 709 1405 Et
730 1325 833 1416 siluis,
867 1322 999 1431 3sing.
1031 1353 1082 1404 nt.
1113 1325 1183 1404 sut.
1223 1326 1332 1432 ispi:
1454 1411 1455 1418 χ

204 1463 273 1542 pro
291 1433 442 1539 Uibii.
473 1443 511 1518 A
532 1443 631 1533 Dm
646 1469 712 1556 Γ.)
725 1434 837 1538 Δἰῑὶιιίῐ,
859 1439 1052 1514 conticuit.
1081 1435 1133 1516 To
1150 1436 1317 1546 nestsear,

173 1615 179 1624 .
205 1546 550 1655 tosmldone'iperca
569 1551 652 1629 robe
665 1543 1012 1648 (lumborsperchlesit
1037 1547 1125 1625 Vid.
1140 1575 1178 1624 ii.
1197 1572 1319 1652 2357.

152 1662 271 1764 2871.
290 1661 398 1738 Van.
409 1689 451 1768 4.
467 1654 517 1730 'li
530 1678 565 1738 et
576 1657 644 1752 'sl‘s
664 1659 831 1740 Patruus.
851 1655 1025 1738 Aniiirclc.
1042 1658 1130 1736 Vid.
1144 1687 1180 1736 ti.
1194 1687 1317 1766 2197.

153 1769 271 1873 2872.
291 1772 455 1854 Vrion.
479 1771 612 1868 isitii]
628 1766 893 1848 Distutbabitis
910 1771 1040 1862 crines,
1064 1771 1151 1873 apl.
1175 1799 1227 1850 m.
1246 1772 1327 1851 sur..
1366 1802 1368 1816 ¹
1417 1863 1422 1872 .

210 1905 226 1960 i
252 1877 303 1987 sp.
355 1885 398 1968 ,Α
419 1881 524 1975 pap.
586 1877 677 1958 vid.
697 1905 804 1958 nuni.
828 1901 935 1980 2¹79
956 1897 991 1956 et
1015 1905 1135 1984 2755.

152 1987 270 2094 2873.
289 1977 418 2090 affigit]
439 1986 623 2079 Dissuetis.
656 2014 677 2068 a
705 1993 754 2097 pl.
787 2015 839 2066 iit.
869 1983 979 2090 Ε’Ἶῼῖ
997 1988 1141 2081 diluet,
1175 1989 1310 2103 3sing.

170 2127 259 2182 -m.
291 2099 359 2180 sut.
404 2094 540 2209 [2⁹10]ss
575 2096 729 2180 dissutae
758 2098 887 2190 vestes,
933 2119 1025 2206 part.
1055 2099 1144 2205 pass.
1185 2105 1234 2210 pl.
1264 2131 1319 2184 m.

209 2212 297 2319 isp.
357 2211 509 2306 Am?
528 2207 650 2292 dissuit
670 2209 823 2302 vestem,
853 2215 963 2316 rupit,
994 2211 1153 2290 discidit.
1194 2213 1315 2318 ,Apud

205 2326 344 2402 Arabes
370 2337 421 2440 Πὸ
460 2319 653 2428 fignificat,
686 2320 897 2400 minutatim
927 2325 962 2400 in
997 2326 1192 2430 particulas
1225 2352 1316 2404 coti·

15 2525 17 2544 Ι
67 2446 68 2452 ‘
170 2435 307 2534 ¹cidit.
367 2435 419 2516 ‘Io
434 2431 522 2522 rcrid
534 2459 558 2510 a
570 2453 730 2540 garrirent
746 2453 785 2512 at
802 2433 858 2510 the
866 2427 977 2542 seam,
1007 2455 1042 2514 ru
1059 2439 1131 2538 rip.

1193 2553 1314 2654 2874.

148 2714 241 2778 cultui
262 2715 376 2795 divino,
399 2716 591 2802 vistiniaiqie
608 2712 804 2781 consecrabat
820 2742 830 2792 3
852 2717 930 2781 unde
945 2713 1096 2781 Dominus
1110 2712 1140 2780 iit
1156 2717 1318 2804 evaugelio
1334 2743 1338 2748 ·

15 2831 16 2842 .
149 2804 239 2873 docet
255 2801 400 2886 judaeos,
414 2802 508 2869 altare
522 2803 579 2876 esse
595 2803 688 2885 majus
702 2803 794 2867 dorio.
837 2802 958 2868 Dicitur
978 2823 1079 2868 tera
1103 2843 1111 2865 .
1133 2811 1157 2842 “
1180 2803 1318 2870 Gloriam

149 2885 329 3037 “seham
345 2889 506 2974 apparuisse
528 2908 595 2954 toto
617 2887 760 2974 populo.'’
802 2889 922 2952 Haecce
945 2888 1045 2974 gloria
1088 2887 1203 2962 chorae
1229 2891 1319 2974 plane

149 2973 178 3038 vi
202 2991 267 3038 etur
283 2971 449 3060 significare
464 2977 637 3040 columnam
653 2973 748 3052 nubis,
764 2995 839 3058 quae
853 2973 998 3040 residebat
1011 2974 1097 3060 supet
1112 2973 1319 3056 tabernaculo,

149 3077 180 3122 et
199 3079 274 3144 quae
289 3062 325 3126 de
340 3059 388 3124 die
411 3081 471 3126 non
495 3063 570 3126 adeo
594 3061 674 3125 clare
697 3057 892 3144 splendebat;
916 3081 994 3124 nunc
1010 3079 1110 3124 autem
1132 3058 1208 3122 miro
1226 3063 1318 3127 modo

16 3175 18 3240 5
147 3141 323 3232 effulgebat,
335 3164 366 3210 et
378 3145 469 3216 solem
485 3147 535 3212 suo
546 3147 650 3232 jubare
661 3143 815 3218 vincebat,
830 3162 859 3208 ut
874 3163 1031 3229 appareret
1043 3142 1097 3208 ess'e
1112 3145 1225 3210 radium
1242 3145 1318 3211 diiii-

16 3257 17 3298 1
148 3250 233 3308 tium,
258 3235 336 3297 unde
351 3232 533 3319 discerpatur
552 3251 583 3298 er
603 3229 779 3298 demittatur
800 3229 880 3328 iguis
895 3231 976 3296 s'acer
992 3230 1075 3316 super
1090 3231 1186 3295 altare
1202 3233 1238 3296 ad
1255 3233 1320 3318 ejus

147 3312 371 3384 sanctimoniam
389 3336 576 3404 perpetuam.
616 3321 662 3382 lta
675 3315 736 3400 jain
753 3318 791 3380 de
804 3321 882 3382 sacre
897 3316 1036 3402 Jehotiae
1051 3315 1156 3381 exieris
1170 3314 1250 3403 ignit
1264 3321 1317 3384 de·

146 3397 262 3486 signare
279 3403 396 3478 ridetur
412 3405 587 3486 particulam
601 3402 688 3469 ‘istam
702 3424 741 3466 eir
756 3403 896 3468 columna
911 3403 1002 3480 sacra,
1024 3423 1097 3485 quae
1115 3421 1254 3487 tanquam
1272 3427 1318 3469 re·

145 3483 270 3552 sidentia
285 3507 348 3552 erat
364 3489 452 3554 faciei
465 3489 599 3568 divinae,
621 3485 678 3554 sese
694 3486 854 3572 ejaculatis,
878 3487 913 3552 ad
936 3488 1117 3586 religionem
1139 3489 1240 3552 altaris
1259 3489 1317 3556 im·

16 3577 17 3640 f
146 3569 291 3638 buendam
307 3589 336 3637 et
352 3574 552 3648 sanciendam,
569 3577 638 3640 Deo
654 3573 767 3646 radium
784 3573 849 3638 suae
862 3572 981 3660 gloriae
996 3573 1171 3648 immediate
1188 3575 1259 3640 illuc
1273 3578 1318 3640 ds-

147 3657 301 3740 mittente,
324 3659 411 3724 itaut
429 3659 527 3748 gloria
540 3658 679 3742 Jestottae
696 3657 791 3726 liticce
806 3657 1029 3747 effulgeseeiitis
1045 3663 1143 3725 l'acrae
1157 3661 1316 3728 columnae

146 3763 302 3840 appareret
317 3768 325 3812 ε
349 3745 454 3814 Altate
469 3747 552 3812 enini
569 3745 655 3810 locut
670 3763 734 3808 ertit
750 3747 881 3812 numinis
895 3745 975 3812 illiue
988 3751 1067 3832 quod
1081 3747 1161 3811 inter
1174 3749 1316 3814 Israelem
1331 3757 1337 3770 '

147 3829 253 3896 vlsiliili
271 3831 407 3916 symbolo
422 3835 487 3898 suae
503 3831 662 3898 columnae
677 3831 836 3912 residebat,
859 3852 946 3918 arque
962 3854 1061 3898 arcam
1079 3851 1218 3918 tanquam
1235 3833 1316 3900 situm

17 3945 18 3948 ¹
146 3918 290 3984 tltroiium
306 3917 446 4004 deinceps
461 3935 635 4002 occuparet.
680 3916 774 3984 Hicce
795 3918 877 3983 sacer
893 3901 971 4006 ignis
986 3919 1099 3984 summa
1113 3919 1273 4006 diligentia
1287 3939 1319 3988 et

146 4001 297 4068 relictione
307 4003 441 4079 alendus,
452 4021 484 4070 et
497 4001 707 4070 custodiendus
722 4021 799 4083 erat,
815 4023 951 4096 tanquam
965 4007 1072 4101 pignus
1085 4004 1180 4070 divini
1193 4007 1331 4090 savorit‚:

147 4057 410 4172 vidflev.vi.5.6·
433 4091 526 4156 Hicce
538 4088 617 4178 ignit
627 4088 786 4176 diligentias
801 4091 941 4169 humana,
951 4109 983 4154 ut
997 4111 1027 4154 tii
1044 4090 1161 4176 templo
1174 4091 1315 4176 secundo,

147 4173 291 4238 sovendni
307 4174 395 4260 plane
411 4175 539 4242 videtur.
580 4175 615 4240 Iit
633 4174 833 4246 renovatione
850 4177 934 4270 liujus
952 4176 1088 4240 miraculi
1104 4178 1139 4242 ad
1155 4177 1318 4268 inaugura·

147 4259 260 4323 tionem
279 4260 385 4346 templi
407 4261 591 4340 Solomonia,
615 4259 725 4326 nubem
742 4261 891 4346 templum
907 4260 1084 4346 implevisse,
1105 4281 1135 4327 et
1150 4263 1319 4350 gloriosissi.

148 4366 226 4412 mant
241 4344 325 4410 islani
341 4345 439 4413 lucem
456 4367 543 4432 quam
561 4345 652 4412 nubes
665 4345 852 4429 involvebar,
868 4367 998 4434 quaeque
1013 4345 1095 4435 supet
1109 4371 1178 4418 aria
1191 4351 1321 4419 sordetis

1162 4437 1320 4521 residebat,
1455 4471 1457 4482 ·
