2952 4836
166 235 247 325 270
340 165 608 295 onnvrs
664 210 1193 304 rnurarnucur.

166 435 289 524 2049.
309 385 420 514 529³?
453 405 517 488 Ad
550 407 788 516 portandum.¹
822 412 888 492 inl.
923 439 940 496 1
965 413 1014 523 sp.
1038 445 1124 498 curn
1147 419 1263 526 prael.
1284 401 1322 517 b,-

248 533 286 606 A
309 499 394 613 ⁸⁷3?
417 534 523 621 ..li-
553 547 659 628 prop.
694 521 864 632 stipavit:
914 528 1016 607 Hinc
1036 533 1211 636 portavit.
1270 530 1324 614 To

250 660 373 732 carry.⁸

165 773 290 848 2050.
308 733 391 841 00?
411 741 453 820 In
486 737 697 838 tributum}
729 770 776 824 err
806 749 921 854 praef.
945 717 1026 830 bet
1047 750 1104 833 ott
1124 753 1317 850 tributum,

246 883 325 968 quo
361 861 609 948 macerantur,
629 859 911 952 exhauriuntur,
931 877 967 940 et
997 863 1102 969 quali
1124 861 1321 972 sliqnescunt

232 965 407 1078 fiibdiri,·
448 957 607 1060 Tribure,
630 994 681 1047 m.
717 969 766 1073 pl.
784 1009 788 1016 .
808 971 922 1055 Ε’φζ)
956 973 1105 1052 tributa.
1165 981 1201 1054 A
1236 979 1323 1061 tlon

245 1109 345 1182 um·
369 1093 592 1168 maceratns,
626 1079 846 1187 liquefactus
861 1081 947 1160 luit.
1293 1072 1318 1089 '⁴

152 1191 396 1304 ¹2051.Vnrt
436 1184 498 1266 16·
528 1189 832 1298 l’ssllJudicabit²
868 1191 1003 1300 3srug.
1039 1193 1109 1274 fot.
1150 1198 1240 1304 rsp.
1280 1201 1316 1278 A

243 1304 294 1393 1⁹]
318 1297 588 1411 dijudicavit.
621 1299 673 1380 To
691 1299 813 1408 judge.
870 1302 959 1382 Vid.
978 1332 1015 1383 n.
1045 1315 1150 1414 1574
1170 1313 1242 1415 (y).
1282 1306 1284 1312 ’

162 1441 212 1498 20
215 1439 281 1519 52.
299 1415 411 1491 vnn.
437 1431 498 1512 17.
516 1400 648 1512 llss’kll’
667 1413 819 1518 Serpens
835 1439 980 1494 veneno
1004 1417 1202 1522 praeditus,
1220 1445 1258 1531 q.
1271 1417 1317 1500 dc

241 1524 422 1604 acerrime
456 1514 588 1598 radens
618 1542 654 1602 et
687 1547 864 1630 pungens.
905 1522 1043 1623 Anne?
1071 1535 1185 1609 αἰεὶ
1213 1530 1312 1624 rasit,

239 1636 410 1745 pupugit.
471 1629 517 1713 A
528 1631 672 1737 serpent
690 1633 736 1741 of
757 1636 812 1725 rbe
830 1639 936 1746 viper
956 1636 1050 1730 kind,
1085 1641 1131 1748 of
1152 1667 1176 1718 a
1196 1641 1313 1751 jandy

238 1745 363 1838 colom,
386 1740 506 1821 warch
524 1738 618 1826 luris
637 1745 774 1853 infirnd
789 1747 860 1827 arrd
876 1749 933 1825 the
952 1755 1062 1828 tratis
1078 1749 1126 1859 os
1134 1749 1260 1830 urbeels
1275 1760 1314 1832 in

240 1863 296 1938 the
312 1855 424 1940 rond:
453 1851 535 1930 ,and
549 1859 666 1938 which
685 1859 811 1966 insiste,
840 1860 935 1936 with
954 1868 998 1938 irs
1011 1860 1131 1968 deadly
1153 1863 1236 1963 bite,
1254 1885 1312 1942 net

240 1968 313 2078 only
333 1970 390 2047 the
407 1987 558 2078 unwary
575 1965 760 2062 traveller,
779 1967 841 2048 but
857 1967 969 2078 horser
987 1972 1060 2051 and
1073 1975 1170 2053 other
1186 1973 1307 2084 brusts.

239 2079 331 2164 Vid.
351 2073 535 2162 bochart.
559 2081 714 2162 Hieron.

953 2231 955 2238 ¹
1010 2195 1042 2266 -'
1073 2243 1077 2249 ·
1178 2225 1303 2303 2053.

157 2414 182 2478 ri
195 2429 228 2480 et
240 2410 359 2494 vexari,
375 2415 455 2481 serre
472 2413 587 2482 mallet.
611 2411 682 2478 Virl.
698 2413 766 2484 Pro.
779 2409 834 2480 xli.
852 2436 883 2499 9.
907 2411 1013 2482 Sensus
1026 2413 1129 2500 itaque
1145 2413 1315 2488 verbornnr'

156 2500 211 2582 eli,
227 2498 403 2568 Iliacbarem
418 2501 516 2568 servili
530 2499 631 2566 indole
648 2499 714 2564 lore
728 2499 910 2588 praeditum,
923 2522 939 2566 a
954 2501 1153 2567 nobilioribus
1166 2500 1309 2588 negotiis,

54 2646 57 2654 .
154 2585 217 2654 five
234 2585 350 2652 bellicis
363 2587 423 2652 srve
439 2585 724 2674 politieir,aliermrn
740 2587 817 2668 iore,
827 2607 926 2652 terrae
942 2587 1009 2653 luae
1017 2587 1211 2674 operibusque
1222 2586 1308 2652 rusti·

155 2673 198 2738 cit
213 2673 300 2738 urtice
315 2673 463 2754 deditum,
479 2676 581 2740 onmia
597 2673 688 2738 etiam
704 2673 774 2737 vilia
789 2691 817 2738 et
834 2671 960 2738 molesta
983 2675 1158 2747 subiturum,
1183 2691 1212 2738 ut
1229 2672 1311 2736 fruc*

29 2835 33 2840 .
155 2778 200 2825 tus
214 2777 313 2824 terrae
329 2779 481 2844 carperet,
495 2779 526 2825 et
542 2761 637 2823 vitant
654 2756 785 2824 securam
798 2777 830 2824 et
847 2758 1040 2844 tranquillam
1056 2761 1188 2850 degeret.
1213 2760 1307 2844 Jaco-

152 2845 218 2925 bus,
235 2862 371 2910 naturam
387 2863 417 2909 et
432 2845 518 2912 saturn
535 2843 619 2910 sortis
633 2845 783 2911 issacharis
799 2845 830 2910 in
846 2845 1114 2922 terraCananaea,·
1132 2865 1188 2930 qna
1204 2865 1307 2910 amae-

153 2953 225 3000 uam
241 2950 272 2998 et
285 2929 492 2997 fertiliffimant
510 2931 624 2997 coleret
640 2932 799 3016 planitiem
814 2928 852 2995 ab
867 2948 935 2996 ortu
952 2932 987 2995 ad
1004 2930 1140 2997 occasum
1166 2931 1226 2996 late
1248 2953 1306 2996 ex·

152 3021 266 3086 tensam
279 3019 358 3083 inter
370 3037 505 3084 montetn
515 3017 618 3084 Tabor
628 3037 645 3080 a
657 3017 871 3103 septentrione,
882 3033 911 3080 et
920 3015 1077 3084 Gilboana
1092 3016 1228 3098 meridie,
1241 3039 1304 3082 me·

154 3107 250 3185 diam,
274 3123 415 3190 tanquam
427 3105 502 3170 duas
518 3104 647 3192 lapidum
664 3101 763 3169 firmas
779 3103 881 3182 strues,
891 3100 1052 3202 indigitare
1068 3103 1158 3170 etiam
1175 3104 1305 3170 uidetur.
1383 3115 1389 3122 '

195 3199 206 3278 (
232 3195 244 3276 )
268 3189 338 3254 Dan
358 3188 508 3276 judicabit
524 3190 682 3279 populum,
699 3186 772 3255 srcut
797 3207 855 3252 utra
873 3187 998 3254 Israelis.
1042 3190 1239 3256 Praenuntiat
1256 3188 1304 3256 hit

151 3214 255 3343 verbis
275 3275 395 3341 Danern
412 3276 571 3377 ingentem
594 3275 765 3340 habiturum
782 3273 912 3360 prolem,
935 3273 965 3340 in
982 3295 1070 3340 unam
1087 3298 1214 3361 eamque
1227 3275 1304 3339 libe·

152 3385 214 3432 ram
232 3381 263 3429 et
279 3361 357 3427 bene
373 3363 563 3428 constitutam
578 3360 731 3428 civitatem
749 3360 898 3440 coactam,
920 3361 1028 3426 indolis
1044 3361 1122 3427 haud
1143 3361 1301 3450 ignobilis,

151 3451 202 3518 sed
215 3449 380 3540 generosae
397 3467 426 3513 et
442 3449 612 3524 bellicosae,
627 3446 664 3510 ab
681 3445 810 3512 hostibus
824 3465 900 3511 vero
917 3447 1168 3534 impugnandam,
1182 3451 1230 3514 led
1242 3447 1302 3511 vir·

151 3555 215 3604 tute
229 3554 259 3602 et
275 3531 305 3596 vi
322 3533 380 3599 sese
397 3533 628 3613 vindicaturam,
645 3531 719 3600 licut
733 3549 791 3599 uren
816 3531 943 3597 tribuum
967 3533 1095 3618 Israelis,
1121 3531 1251 3619 emphali
1268 3533 1298 3597 in

150 3645 228 3689 voce
242 3619 334 3686 Israel
347 3618 453 3704 posita,
469 3623 489 3686 i.
503 3643 530 3686 e.
546 3624 666 3684 Danern
682 3620 864 3718 dignitatem
888 3619 982 3684 tribus
1005 3620 1189 3686 lsraeliticae
1205 3619 1301 3705 probe

150 3707 349 3787 defensurum,
365 3725 395 3770 et
414 3707 584 3770 foederatae
601 3705 782 3792 reipublicae
797 3703 997 3793 dignillrmnrn
1013 3706 1122 3770 socium
1138 3708 1165 3770 se
1180 3703 1304 3793 praesti·

150 3816 250 3864 turum
267 3791 344 3868 elle3
380 3793 427 3856 vel
444 3792 534 3858 instar
559 3791 820 3878 praeliantillintae
837 3807 867 3853 et
882 3789 1055 3858 lortillimae
1078 3791 1171 3857 tribus
1191 3791 1300 3877 Judae.

150 3883 233 3948 Huic
248 3878 493 4028 interYtetationi
510 3877 590 3943 favet
602 3877 776 3943 vaticinium
787 3875 892 3956 Mosrt,
910 3876 958 3942 ubi
983 3877 1064 3944 Dani
1085 3899 1176 3963 aeque
1188 3899 1223 3940 ae
1238 3877 1302 3957 bic,

150 3971 245 4120 lum
260 3966 332 4032 emb
345 3985 412 4028 etna
427 3963 527 4029 leonis
540 3965 638 4040 datur,
660 3963 756 4030 Dent.
770 3961 880 4032 xxxiii.
895 3980 947 4027 22.
974 3965 1045 4027 Dnn
1065 3968 1176 4030 catulus
1201 3963 1300 4026 leonis..

177 4073 322 4130 taeteret,
347 4047 449 4138 imago
473 4049 619 4136 serpentis
646 4048 747 4115 hostes
762 4043 937 4128 mordentis,
956 4051 1054 4135 regiae
1071 4073 1109 4116 ex
1124 4051 1202 4134 Jnda
1217 4047 1299 4132 llirpi

150 4134 489 4224 Dauidicae-allrgrratur
500 4137 537 4200 ab
552 4135 627 4200 Isaia
642 4156 708 4220 cap.
725 4137 786 4200 xiv.
802 4153 852 4219 29.
877 4135 928 4199 Ne
942 4134 1050 4200 leteris
1064 4136 1222 4220 Palejlina,
1241 4149 1300 4197 rora

150 4241 194 4308 ru,
209 4224 280 4316 qnod
293 4217 438 4301 confraria
444 4223 485 4306 fit
496 4223 584 4309 uirga
597 4223 754 4304 percutiens
766 4233 806 4296 te,
830 4219 898 4306 quia
913 4220 1035 4284 eradice
1049 4221 1193 4308 serpentis
1202 4217 1299 4304 (tini

150 4312 169 4376 i·
183 4333 212 4378 e.
229 4311 283 4376 lsai
296 4310 356 4373 hoe
370 4305 434 4392 ipio
450 4307 575 4372 nomine
591 4307 745 4392 adpellari,
761 4327 780 4371 2
796 4305 876 4374 Sam.
890 4303 963 4374 xvii·
974 4309 1038 4391 25.)
1056 4311 1204 4394 proueniat
1218 4301 1298 4391 Best-

150 4398 233 4486 lr'scur
247 4395 404 4478 ersrabius
418 4395 479 4476 rjus
492 4393 669 4481 Cbrrlydrtrs
682 4393 796 4462 volan.
