2952 4836
320 188 730 272 GENESEOS
784 189 964 272 Cnoun
995 189 1131 270 XXX.
1230 213 1305 300 191

173 388 299 494 1607.
321 389 431 468 Vnn.
449 385 515 493 36.
538 378 711 490 nrnpun
731 384 927 476 Relidoae,
942 387 993 492 pl.
1014 403 1108 496 pert.
1121 379 1216 482 '²le
1232 387 1313 466 reli-

257 524 367 608 quus,
384 497 546 578 reliduus
557 497 639 592 fuit,
655 497 837 595 remanlit,
853 501 962 602 (Ἢὶῖ
978 526 1001 599 3
1015 501 1106 605 ling.
1123 497 1191 576 sut.
1206 521 1227 576 2
1240 497 1311 604 sp.)

255 607 304 686 ‘Io
321 611 456 690 romain
473 635 556 689 ouer
571 606 645 686 ond
659 609 777 704 above,
798 630 832 688 ro
849 613 889 692 loe
905 607 972 715 lest
989 637 1027 688 as
1043 637 1067 687 o
1086 609 1225 716 rtfidue.
1273 613 1312 690 A

256 721 330 815 'llll
342 739 396 837 μ’,
415 719 573 800 tremula
593 723 628 796 vi
661 721 833 814 vibravit,
854 723 998 828 fignans
1019 719 1252 801 intentiorem
1271 724 1313 800 il·

255 832 333 910 lum
353 850 567 926 tremorem,
588 833 653 939 qui
672 831 801 912 recidit
821 829 953 911 sonum
975 839 1056 914 tire
1087 827 1255 923 tetendit,
1272 835 1311 912 in
1334 839 1339 842 ’

256 969 283 1024 2
302 942 352 1049 sp.
374 939 468 1038 'loll
482 942 643 1050 reliquus
661 941 745 1036 suit,
766 941 956 1047 superfuit,
977 939 1212 1024 redundavit.
1233 1005 1237 1012 .
1255 945 1311 1024 U·

253 1047 420 1160 surpotur
439 1079 505 1158 pro
524 1079 583 1144 eo,
605 1053 643 1128 in
662 1079 740 1162 quo
754 1055 961 1144 vibramen,
979 1079 1131 1146 nervus,
1144 1055 1168 1131 i.
1183 1081 1218 1132 e.
1239 1055 1311 1132 ali·

254 1163 359 1350 qpod
376 1165 513 1352 vpporis
532 1181 568 1241 et
586 1159 791 1350 duratiepnis
809 1163 994 1350 remaltlrlit.
1047 1165 1097 1244 To
1114 1165 1155 1243 be
1165 1160 1312 1268 streteb-

254 1291 360 1365 e,to
376 1303 400 1352 α
423 1299 548 1367 nance,
566 1289 600 1350 to
616 1299 696 1350 exce
735 1287 801 1366 ,to
819 1301 939 1354 exce.

175 1385 294 1468 1608.
318 1385 429 1466 vnn.
454 1407 519 1490 37.
544 1356 624 1472 bno
652 1384 827 1476 naeuius,
849 1385 918 1492 (pr.
936 1359 1099 1494 nbpo).
1129 1386 1254 1469 Aroe
1270 1414 1310 1468 or

244 1492 348 1600 stick,
368 1523 392 1573 o
407 1493 561 1598 eoolloo‘ng
565 1489 670 1601 staff
703 1477 890 1594 Abfillr'a‘
908 1493 1064 1574 fulcivit.

173 1609 297 1712 1609.
319 1581 425 1707 lllss?
443 1606 604 1712 Populus
622 1605 721 1706 albet.
762 1609 835 1688 Tho
852 1607 958 1684 white
969 1602 1119 1714 p'opolar
1136 1621 1221 1687 tret.
1251 1609 1310 1690 Ita

255 1715 355 1806 didio
375 1743 396 1792 a
416 1711 575 1794 candido
594 1715 781 1822 lanugine,
800 1741 897 1828 quae
915 1715 1094 1796 loliorum
1117 1713 1308 1800 adversam
1372 1717 1375 1724 ’

140 1823 146 1828 ’
256 1844 398 1930 purtem
419 1823 574 1917 oblidet,
614 1826 715 1903 unde
733 1827 892 1932 Virgilio
923 1823 1076 1905 AEneid.
1100 1829 1177 1906 viii.
1212 1829 1304 1934 276.

255 1933 393 2014 bicolor.
426 1940 463 2013 A
483 1907 552 2029 lli
572 1947 660 2049 ,591
679 1937 782 2016 albus
799 1937 869 2018 fuit
889 1933 959 2045 (e).

175 2051 294 2132 1610.
318 2019 372 2130 Ul
391 2047 509 2154 Virga
529 2052 684 2140 micans,
706 2046 909 2152 splendens,
931 2045 1056 2126 viridis
1077 2044 1146 2158 (pl.
1176 2022 1286 2137 D’ll.)

53 2205 59 2214 ·
109 2239 114 2246 ,
256 2154 400 2283 virides.
432 2159 476 2240 A
483 2181 588 2280 greco
606 2154 728 2260 bough.
771 2161 816 2285 ,A
835 2131 906 2270 llll
924 2169 979 2272 5)
1012 2156 1156 2266 (media
1174 2157 1285 2240 Waw

173 2283 396 2461 lffltlntcppst,
413 2265 833 2484 sllerlillglllrllrbpwllob·
852 2341 1087 2460 oboleret-eree.
1148 2379 1308 2458 Arabice

252 2502 306 2596 p)
322 2487 467 2595 (nostra
488 2485 606 2564 verlio
635 2489 733 2566 mule
752 2486 883 2582 reddit,
919 2516 983 2596 per
1001 2489 1186 2595 corylum.
1236 2485 1310 2570 ‘The

253 2598 454 2680 haul-eree.
488 2597 576 2675 Vid.
599 2595 763 2678 Schaw's
781 2601 925 2693 trovels,
958 2627 994 2707 p.
1024 2597 1132 2709 143),
1151 2603 1242 2710 quin
1271 2615 1310 2682 et
1401 2635 1407 2646 ·

254 2708 485 2812 Amygoolum
514 2705 736 2788 transferunt
774 2709 980 2790 scholiastes
1018 2711 1188 2792 Graecae
1225 2737 1308 2789 ver-

252 2817 373 2909 sionis,
412 2817 532 2910 Persa,
570 2815 840 2926 Hieronymus,
876 2819 1102 2901 bochartus.
1180 2823 1217 2900 A
1252 2795 1307 2892 ΗΒ

251 2935 337 3041 pm
356 2927 522 3010 comedit
541 2953 634 3022 rem.

1187 3067 1303 3148 1612.

205 3288 247 3370 (e)
262 3259 459 3452 Septuognto
481 3280 661 3380 interpretes
672 3287 991 3384 verteruntstyrofem.
1023 3291 1054 3352 A
1057 3288 1153 3386 socer
1162 3301 1238 3368 gom
1252 3283 1307 3347 cal.

164 3372 213 3438 led
225 3371 337 3438 storax.
408 3389 459 3434 uos
472 3365 564 3434 secun
577 3367 642 3436 sunt
656 3374 778 3454 quodam
793 3395 832 3438 ex
854 3373 997 3458 putribus.
1034 3376 1181 3439 Videntur
1207 3387 1307 3435 aurem

164 3475 373 3564 respexisse-ad
389 3475 477 3542 Arab.
493 3469 610 3565 (5³9³
627 3499 715 3564 quarn
731 3481 824 3548 etiarn
839 3480 933 3547 Arabs
955 3481 1105 3567 interpres
1118 3478 1149 3546 in
1166 3477 1307 3544 hocloco
1413 3515 1416 3532 ‹

164 3585 299 3654 retinuit.
341 3584 393 3652 Est
414 3569 644 3671 autem'styrex
658 3587 748 3652 arbor
762 3590 926 3675 lacrymam
951 3589 1076 3656 lundens
1105 3589 1195 3653 instar
1212 3585 1308 3666 ludis,

163 3673 211 3738 vel
229 3673 339 3748 mellis,
356 3689 418 3735 tarn
435 3670 509 3734 acris
522 3672 633 3752 odoris,
644 3691 675 3738 ur
692 3675 806 3742 Arabes
820 3697 860 3741 eo
873 3675 1067 3742 submoveant
1082 3693 1113 3740 et
1128 3674 1237 3760 fugent
1250 3671 1306 3735 ser·

206 3777 283 3844 ntes,
300 3759 467 3835 Herodoto,
481 3755 579 3822 Plinio
594 3761 771 3826 aueloribus.
790 3763 874 3844 Quae
891 3784 907 3828 a
922 3761 1013 3849 virgis
1030 3779 1060 3826 et
1075 3762 1198 3848 negotio
1212 3759 1306 3842 Jaco-

163 3777 277 3910 lilatie
293 3844 432 3908 videntur
447 3840 555 3906 alieno.
599 3845 789 3912 Conantem
803 3849 902 3932 populi
917 3865 979 3912 tres
993 3849 1057 3913 sunt
1079 3845 1204 3933 species,
1228 3844 1305 3926 olba,

162 3929 261 4015 nigro,
275 3949 306 3994 et
319 3928 453 4012 Lybic23
476 3929 571 3992 olbam
586 3933 623 3996 ad
638 3931 848 4000 Hebraeorum
866 3931 975 3998 oroneo
990 3932 1154 4018 pertinere,
1170 3932 1230 4017 ipsa
1245 3931 1305 3998 dic-

164 4029 231 4080 tant
247 4016 381 4082 nomina.
426 4015 464 4079 ln
477 4011 648 4100 regionibus
663 4017 732 4100 illis,
763 4018 813 4083 ubi
830 4019 1014 4104 patriarchae
1030 4019 1184 4097 vivebant,
1208 4017 1305 4084 olbam

154 4100 299 4185 populum
312 4099 427 4165 abunde
443 4100 603 4184 provenire
618 4099 762 4170 rellautut
775 4105 887 4170 oculati
903 4104 1002 4174 tester.
1024 4105 1092 4170 Vrd.
1105 4104 1226 4172 Belton.
1241 4101 1304 4168 obs.

159 4185 350 4339 sinplibii.
367 4185 521 4270 cop-106.
554 4191 578 4224 “
594 4187 651 4287 bes
672 4189 824 4275 peuplierr
846 4191 948 4257 blanco
971 4209 1001 4256 et
1029 4191 1122 4273 nolon,
1149 4208 1179 4255 et
1204 4191 1305 4257 arbreo

160 4279 183 4313 ‘⁸
213 4271 347 4340 rorarele
361 4270 428 4338 rone
443 4289 500 4354 que
516 4269 545 4336 la
559 4272 660 4359 plarne
675 4277 712 4343 de
728 4277 841 4344 uanas
856 4275 1002 4346 resemble
1017 4297 1074 4344 une
1086 4275 1197 4346 loret.”
