2924 4832
309 239 1056 350 rusentio.
1212 252 1265 346 tlt

106 467 288 556 ssudtofi
304 473 543 566 haberent3
577 493 618 553 et
642 469 849 552 nobismet
871 467 1043 576 saepius
1051 465 1258 574 gratulati

73 598 291 687 tumus,
310 622 361 674 ex
393 597 566 703 incepto
590 598 669 675 hoc
692 619 835 703 opere,
869 595 985 699 quod
1016 591 1115 670 usus
1145 589 1259 670 hanc

104 721 304 799 nostram
319 719 608 826 conjecturam
622 715 984 836 comprobaverit
1005 712 1259 796 Preluenim

101 840 253 921 varias
270 841 326 920 ob
344 840 498 919 causas
507 833 657 920 lentius
680 859 893 928 currente,
920 863 994 942 per
1014 859 1097 916 tres
1118 857 1259 916 annos

103 964 292 1072 elaplbs,
325 961 493 1042 studius
479 989 515 1042 s
541 965 616 1072 qui
647 949 1001 1068 praelectionibus
1029 957 1218 1039 nostris
1208 984 1260 1042 m

105 1086 303 1164 Genefin
328 1084 617 1166 interfuerunt
646 1083 753 1162 clavi
780 1083 905 1164 hacce
927 1079 1256 1176 subministrata,

105 1205 357 1315 progrellus
377 1207 682 1314 dilbipulorum
706 1207 794 1312 ejus
817 1233 898 1312 ope.
920 1203 1024 1283 laeti
1047 1203 1259 1311 perspexi,

109 1355 242 1408 mus:
281 1331 408 1438 Quod
442 1355 568 1408 omen
605 1327 784 1417 faustum
819 1328 1057 1420 videbatur,
1087 1326 1261 1407 «hancce

110 1452 273 1532 clavim
297 1453 441 1532 multis
463 1453 506 1531 in
527 1449 602 1530 bic
621 1445 820 1555 palaestra
843 1450 930 1529 ul'ui
948 1447 1137 1529 futuram
1156 1447 1257 1528 elle.¹

111 1619 115 1628 ·
176 1577 260 1654 Sed
297 1603 413 1655 nunc
447 1574 812 1682 progrediendum
835 1574 891 1652 est
923 1573 976 1652 ad
1001 1571 1257 1652 methodum

111 1697 440 1794 ostendendam,
468 1695 551 1804 qud
571 1695 617 1775 in
639 1695 766 1788 hicce
783 1696 896 1778 clavi
916 1693 1172 1804 perficiendi
1191 1689 1260 1786 usi

112 1819 277 1900 sumus.

181 1968 275 2038 rmo,
315 1936 514 2047 Analyfin
548 1935 749 2051 cujusque
771 1937 883 2024 vocis
915 1934 987 2022 suo
1010 1938 1262 2024 urdine·oc··'

113 2064 329 2144 currentis
351 2065 640 2146 exhibuimus.
670 2083 673 2088 ’
707 2065 927 2170 Inprimis
958 2055 1061 2144 'vero
1094 2057 1259 2144 duodo·
1316 2169 1319 2176 Ι

114 2189 199 2265 cim
224 2187 452 2296 capitibus,
483 2190 619 2270 varias
639 2189 848 2296 personas,
880 2187 1040 2267 diversa
1061 2207 1260 2294 tempora

115 2312 366 2404 verborum,
411 2312 547 2390 varios
589 2312 718 2426 cal'us,
761 2336 857 2390 cum
898 2309 1122 2390 nominum
1161 2331 1259 2390 tum

115 2434 444 2536 pronominum,
480 2455 762 2540 naturamque
794 2454 835 2512 et
856 2431 1045 2514 indolem
1062 2432 1265 2544 ‘particufv

22 2597 23 2606 Γ
115 2549 253 2634 larum
274 2554 579 2648 Hebraeorum,
606 2557 888 2656 ‘ostendimus

177 2677 228 2755 ln
252 2676 523 2783 sequentibus
546 2705 646 2760 vero
663 2679 887 2786 capitibus,
909 2703 1001 2764 non
1021 2677 1179 2763 neceffe
1197 2685 1259 2765 vi·

22 2791 24 2820 ³
118 2795 207 2876 sum
229 2803 283 2878 cll
309 2827 655 2908 unamquamque
681 2801 902 2909 perlonam
925 2803 1127 2911 cujusque
1151 2829 1261 2888 tem

22 2929 24 2972 ῑ
119 2920 233 3022 poris
260 2923 510 3054 adjungere,
544 2925 619 3002 ubi
641 2924 786 3002 omniu
808 2933 928 3004 eraut
928 2920 1078 3033 plana
1099 2950 1139 3008 et
1162 2957 1260 3036 per

22 3040 52 3072 ''
119 3037 291 3145 spicua,
323 3067 517 3151 tempora
539 3066 749 3139 enimet
759 3047 953 3152 pertonsa
976 3037 1341 3152 difficiliores„
1345 3067 1369 3102 ·,

22 3167 24 3258 j
121 3182 287 3245 tantum
311 3168 364 3246 ad
386 3167 576 3271 analysm
602 3167 909 3249 revocavimus.

127 3287 307 3394 Quod
349 3291 402 3369 ad
436 3291 727 3370 mutationem
771 3289 1048 3398 punc‘lorum,
1093 3292 1259 3421 parcitis

125 3409 299 3512 egimus,
336 3439 391 3490 ne
414 3412 539 3491 nimis
563 3412 717 3520 prolixi
740 3410 948 3508 ellemru3
992 3416 1060 3496 sed
1084 3441 1259 3523 tyrones

127 3531 176 3606 ad
200 3533 364 3640 regulas
386 3535 469 3614 huc
494 3535 756 3643 spetiantes
746 3561 789 3614 m
821 3475 958 3616 nostri
978 3541 1259 3645 grammatica

127 3655 371 3736 remilimus
382 3657 679 3751 “Praeterea
726 3679 813 3736 nou
847 3683 965 3766 opus
987 3662 1043 3742 est
1077 3691 1123 3744 ut
1157 3689 1257 3772 tyro

128 3767 351 3872 Hebraeus,
386 3779 439 3859 de
461 3777 537 3859 hac
561 3809 605 3861 re
637 3781 681 3860 in
709 3779 964 3864 rudimentis
988 3784 1159 3927 linguae
1180 3790 1258 3870 ad·

129 3897 346 3996 discendis,
367 3901 496 3982 nimis
518 3901 566 3982 su
588 3902 821 3998 sollicitus;
853 3901 956 3986 haec
979 3906 1094 3989 enim
1111 3911 1191 3992 usu
1212 3933 1258 3992 et

22 4053 42 4081 ι-
127 4023 239 4124 praxi
260 4023 450 4108 faciliora
472 4027 671 4112 evadent.

185 4141 278 4228 Non
303 4169 475 4229 tantum
498 4147 686 4254 anatysm
721 4147 908 4258 partium
930 4147 1150 4253 orationis,
1184 4084 1259 4251 sed

23 4331 24 4342 ,
134 4261 245 4348 etiam
277 4267 489 4366 flosculus,
537 4291 578 4352 et
616 4272 801 4386 integras
838 4274 1043 4385 loquendi
1081 4275 1259 4380 formas,

22 4421 24 4468 ]
135 4391 236 4490 apud
248 4392 919 4508 orientaleslufitatas,indigitare
937 4400 1080 4486 conati
1100 4404 1260 4488 tumus.

925 4627 934 4636 Ι
1035 4523 1262 4626 Primarias
