2976 4834
135 321 138 326 ,
218 232 273 334 22'
364 221 1198 342 cnivis-rnur'nrnucrir.

155 471 157 476 ·
298 451 517 532 nificationis
531 475 622 557 eum
640 439 725 536 mitt
759 459 862 568 gl*
901 454 1027 535 Media
1046 455 1104 562 Je,
1141 453 1319 562 exspatia-

300 567 364 643 vit.
383 562 434 640 To
442 561 617 664 experiare
627 558 752 672 freesy.
782 565 933 672 Proprie
948 582 1049 646 notat
1062 566 1316 672 reciprocatio-

297 698 383 752 nem
402 671 541 762 moilis,
564 673 682 778 qualis
709 671 761 750 cll
789 677 955 767 umbrae,
991 699 1121 786 aquae,
1153 673 1318 754 bominis

295 783 372 861 huc
392 781 481 860 illuc
500 777 681 861 versantis.
742 781 884 862 Eadem
916 783 999 864 idea
1017 785 1190 864 fruticum
1209 785 1316 862 nobis
1361 819 1368 832 ·

293 893 459 972 exhibita
479 890 532 969 esl
558 917 581 968 a
607 891 728 972 Plinio
745 891 810 972 lib.
829 896 920 975 xvii.
943 891 1028 974 hili.
1051 911 1126 974 nat.
1145 919 1228 1000 cap.
1253 913 1311 969 12:

296 1007 321 1050 ‘³
342 1001 466 1080 Nullis
483 1001 672 1082 arboribus
687 1003 808 1104 pulluli
826 1006 1060 1110 proveniunt,
1077 999 1143 1082 nisi
1157 1027 1314 1108 quarum

297 1111 478 1190 “'radices
495 1135 624 1190 amore
641 1109 721 1189 solis
739 1131 852 1218 atque
871 1114 996 1194 imbris
1014 1115 1051 1194 in
1073 1111 1216 1193 summa
1248 1113 1317 1192 tel·

220 1239 223 1244 '
294 1219 674 1326 “lurespatiantuff'.

215 1329 307 1438 1'64.
329 1319 452 1432 mliii]
506 1329 661 1408 Nomen
676 1351 766 1409 cum
786 1333 816 1401 Π
835 1329 1038 1411 demonstr.
1072 1356 1175 1436 agei,
1213 1333 1324 1410 lociis‘

225 1459 229 1466 ’
294 1441 460 1544 irriguus,
487 1463 569 1517 rore
600 1437 765 1518 madens·
812 1443 853 1520 A
870 1438 972 1548 field.
1021 1428 1172 1535 Aililil
1196 1433 1312 1519 Arab.

292 1559 367 1645 «gul
389 1569 425 1627 et
445 1575 529 1643 45.»-
558 1549 705 1655 rigavit,
736 1549 945 1641 madefecit,
985 1549 1084 1644 uberi
1112 1547 1206 1627 vend
1235 1575 1315 1628 ma·

292 1661 388 1750 duit,
409 1661 564 1766 irriguus
583 1659 667 1737 suit.
745 1659 802 1739 Ita
833 1657 954 1739 Latini
986 1657 1121 1736 uberem
1157 1659 1203 1735 de
1240 1657 1319 1737 solo

291 1769 399 1850 fertili
419 1767 611 1859 adhibent,
644 1785 696 1847 ut·
719 1771 756 1848 lii
790 1771 854 1850 illo
877 1771 1022 1876 Virgilii
1061 1767 1213 1846 AEneid.
1246 1771 1313 1847 vii.

293 1883 318 1960 1.
341 1879 432 1960 261.
455 1875 577 1956 divitis
596 1878 686 1957 ubcr
701 1881 794 1986 agri.
1229 1873 1239 1906 *

216 1989 307 2096 165.
328 1989 427 2088 Ulli
483 1985 549 2068 litt
568 1987 690 2067 sorma
708 1987 882 2095 segolata.
911 1987 1019 2096 Prop.
1041 1983 1223 2092 abruptio,
1245 1985 1317 2066 sta·

293 2098 610 2202 rusabruptionis3
628 2093 895 2178 denotansrem
918 2095 1077 2177 necdum
1098 2093 1317 2175 inchoatam
1388 2129 1396 2147 =

292 2207 351 2286 vel
370 2211 481 2285 etiam
503 2205 679 2286 haetenus
694 2210 956 2315 interruptam:
985 2208 1085 2285 Hinc
1100 2201 1319 2286 adverbiali·

295 2337 350 2396 ter
385 2319 537 2396 sumitur
557 2313 604 2394 ad
626 2317 832 2398 notandum
870 2315 1114 2424 plenisliniam
1151 2320 1319 2422 negatio·

292 2453 392 2518 nem,
409 2452 525 2536 quam
550 2425 688 2506 ‘Latine
717 2425 870 2506 reddere
900 2423 1074 2531 poliiinus
1106 2421 1187 2504 satis
1225 2427 1321 2508 bene

293 2563 356 2644 per
375 2536 550 2614 hactenus
570 2561 659 2627 riori,
679 2535 864 2628 nondum,
887 2535 992 2640 plane
1012 2559 1099 2612 noir.
1155 2533 1244 2628 Nor,
1261 2550 1320 2612 not

285 2663 359 2749 yet.
420 2649 451 2721 Α
475 2647 574 2740 ml?
587 2645 710 2754 'Arab
734 2659 794 2768 (ᾗ
812 2669 907 2752 quae
922 2642 1066 2750 proprie
1083 2639 1228 2721 ridetur
1246 2641 1318 2750 sig-

294 2755 442 2834 nificare
453 2754 590 2859 secuit,
637 2779 734 2862 quae
764 2754 978 2860 fignificatio
1010 2753 1141 2830 clarius
1161 2769 1260 2856 patet
1280 2753 1317 2830 iri

293 2863 425 2946 sororia
444 2861 565 2942 radice
601 2904 672 2984 φη
703 2861 865 2956 resecuit,
887 2863 1089 2966 interrupit.
1143 2857 1197 2940 To
1214 2857 1321 2938 break

293 2973 353 3082 off,
372 2991 405 3050 to
423 2975 609 3076 interrupi.
666 2975 726 3070 Sic
745 2977 780 3052 iri
802 2973 992 3065 hocloco,
1012 2991 1047 3049 et
1068 2971 1189 3050 omnis
1208 2970 1317 3076 plan·

294 3107 330 3163 ta
350 3087 428 3188 agri
457 3083 594 3188 (0212)
611 3081 781 3164 nondum
802 3083 977 3160 tracteris
1001 3081 1120 3158 suerat
1151 3083 1187 3156 in
1209 3099 1320 3171 teria,

294 3213 329 3274 et
349 3193 469 3270 omnis
497 3193 611 3271 herba
644 3197 728 3300 agri
758 3169 896 3296 (bilis)
935 3189 1102 3268 nondum
1123 3190 1320 3268 bactrius

226 3311 238 3402 j
295 3301 517 3392 effloruerat,
539 3305 623 3412 quia
642 3327 715 3382 nun
734 3304 856 3410 pluere
871 3299 1022 3395 fecerat,
1039 3301 1113 3378 dte.
1133 3295 1200 3410 (i).
1249 3403 1300 3487 66

1219 3430 1233 3486 1
1303 3462 1316 3486 .

254 3635 292 3717 (i)
313 3631 424 3696 Nostri
453 3629 548 3696 versio
573 3631 606 3694 iu
629 3626 800 3714 quibusdum
826 3626 902 3693 locii
938 3627 1033 3694 vertit
1061 3627 1162 3727 0250
1186 3623 1322 3688 nondum

214 3741 369 3812 hodierius,
408 3742 431 3774 “
446 3735 512 3800 N'ot
525 3734 616 3817 yet'’;
640 3729 686 3794 ubi
703 3731 790 3814 plane
803 3725 898 3793 sensus
920 3730 997 3795 hanc
1007 3712 1174 3798 versionem
1187 3725 1321 3812 require·

213 3829 275 3906 but,
313 3841 344 3891 ut
373 3821 471 3886 Exod.
501 3838 533 3882 x.
569 3832 596 3886 7·
628 3819 712 3912 9⁸10
730 3817 843 3912 mpii
876 3818 1007 3882 nonduin
1045 3817 1185 3884 hellenus
1217 3812 1322 3878 uoslil

213 3940 237 3972 ⁸⁴
254 3927 400 3997 Knowell
413 3945 465 3995 not
480 3927 553 3991 thou
569 3924 620 4007 ye't
632 3911 664 3988 ll’
684 3923 733 4022 bic
748 3902 847 3988 tried.
861 3923 902 3988 ix.
919 3943 970 4022 30.
1013 3921 1137 3989 Etiamsi
1150 3941 1226 3987 vero
1240 3919 1271 3984 iri
1288 3939 1322 3984 a·

212 4018 259 4084 liii
273 4015 506 4082 lociiliaecvoir
524 4011 623 4094 U'll'i
651 4007 718 4072 satir
746 4009 822 4072 beue
853 4011 934 4074 reddi
965 4007 1048 4095 poffit
1077 4029 1132 4092 per
1157 4020 1322 4092 aiueqiiam,

213 4146 292 4208 aitte,
310 4125 388 4192 lensii
407 4121 511 4188 salvor
536 4097 668 4182 attlmer'i
686 4109 731 4173 ris
745 4123 779 4174 σὲ
798 4107 973 4176 sententiosa
986 4109 1036 4175 illa
1051 4109 1181 4194 brevitet
1204 4127 1235 4175 er
1261 4109 1324 4200 pul·

212 4213 361 4280 cherrima
375 4210 526 4295 elegantia
539 4205 615 4289 ling.
633 4197 724 4265 llebr.
742 4193 772 4257 iii
788 4192 969 4266 versionibus
979 4195 1157 4344 plerumque
1166 4193 1325 4274 amittitur,

213 4319 244 4362 ur
257 4297 303 4364 Ps.
316 4299 396 4362 cxiii.
410 4305 461 4367 67.
476 4294 506 4358 iu
525 4289 622 4356 nostia
635 4279 770 4348 versione
784 4282 921 4362 verritur,
944 4290 968 4322 ⁸⁸
1005 4279 1086 4347 esore
1098 4283 1113 4347 l
1127 4299 1183 4364 war
1198 4277 1324 4346 amittet

211 4383 319 4452 luent
335 4381 469 4468 allray;”
490 4377 536 4445 sed
551 4372 712 4442 secundum
725 4362 881 4453 origtnm„
902 4369 1044 4436 tenenda
1065 4364 1258 4434 eunonium
1281 4363 1333 4432 ab.

1218 4445 1323 4530 litim
1422 4509 1431 4518 ,
1479 4515 1480 4522 ¹
