2908 4832
306 242 525 322 Pandarum
544 237 729 331 Vocaliam
749 237 1019 324 Hebraeorum,
1059 321 1064 357 ,Ι
1109 344 1113 354 ¹
1196 256 1260 344 71·

161 439 308 526 Nobis
339 442 485 552 itaque
518 441 712 524 virorum
747 437 1125 524 eruditissimorum
1161 433 1253 517 sen·

97 565 245 662 tentia
258 563 556 652 verisimillima
574 563 761 660 videtur,
774 564 846 672 qui
864 559 1251 670 tinguarnrreurao

99 715 191 783 am,
233 687 289 768 ab
312 687 408 794 ipsis
431 687 532 768 artis
562 687 776 770 scribendi
801 681 1058 796 primordiis,
1090 679 1251 791 pontia

100 809 276 892 vocales
298 835 339 905 a,
363 837 394 906 c,
422 815 451 904 i,
475 839 508 905 o,
530 837 567 906 a,
591 836 691 890 cum
713 809 861 919 longas
885 827 977 888 turn
1003 807 1154 886 breves
1176 804 1252 886 tle«

100 921 321 1027 notaritia,
361 953 584 1038 utcunque
632 929 795 1016 formae
825 951 868 1040 et
904 923 1066 1040 figurae
1093 928 1261 1010 horum:

100 1053 368 1161 punctorum
401 1055 555 1142 variari
588 1051 754 1164 possint,
790 1048 1005 1162 possedisse
1030 1051 1249 1158 judicent.

100 1174 476 1263 Verisimillimum
518 1203 620 1258 vero
658 1177 728 1272 cst,
765 1173 900 1262 Earae
923 1197 1135 1282 ternpore,
1157 1173 1250 1282 post

99 1297 403 1407 captivitatem
436 1298 759 1404 Babylonicam,
807 1324 1047 1386 numerum·
1069 1295 1251 1404 punslos·

100 1449 203 1506 rum
229 1419 397 1505 austun
415 1419 531 1502 luisse
550 1455 561 1516 ς
578 1443 637 1520 et,
667 1448 716 1504 ut
735 1421 958 1504 delicatior
971 1419 1042 1528 ¹illa
1057 1445 1251 1526 pronun·

101 1545 231 1624 tiatio
253 1569 385 1648 quam
399 1545 548 1650 lingua
565 1547 706 1626 adhuc
725 1538 1070 1651 vivaposse'derat
1095 1539 1250 1622 clarius

101 1667 438 1774 exprimeretur,
460 1669 665 1749 Schevata
683 1663 755 1756 illa
777 1664 985 1774 simplicia
1005 1665 1049 1745 'et
1070 1689 1249 1770 compo·

102 1785 182 1870 sna
206 1787 371 1891 adJeua
388 1784 522 1885 fuisse,
546 1816 682 1898 quum
704 1791 853 1897 lingua
872 1785 1026 1878 nullibi
1045 1811 1251 1875 vernacu-

100 1907 142 1991 la
165 1907 289 2004 esset,
310 1932 357 1990 ut
378 1912 578 2016 genuina·
593 1911 913 2020 pronunciatio,
937 1929 1158 2016 quantum.
1177 1906 1250 1988 sie·
1321 1969 1326 1980 .

103 2031 140 2111 ri
154 2033 319 2141 potuit,
340 2030 386 2112 in
405 2032 522 2114 Mose
539 2056 582 2114 et
598 2035 819 2143 Prophetis
834 2031 1126 2143 praelegendis
1144 2057 1250 2110 con·

106 2153 364 2240 servaretur.
389 2241 397 2248 ,
430 2157 542 2236 Cum
563 2158 681 2239 enim
705 2159 851 2266 lingua
872 2156 1049 2250 viveret,
1091 2181 1182 2246 non
1205 2180 1249 2234 oe

106 2302 191 2381 pus
229 2274 311 2364 suit
345 2275 454 2357 hisce
478 2277 662 2369 baccillis
684 2283 737 2360 ad
775 2263 1249 2362 nutantemleslionent
1313 2341 1315 2348 .

109 2395 395 2496 fulciendam,
418 2421 462 2478 et
477 2403 884 2509 pronunciationem
913 2400 1149 2508 genuinam
1181 2397 1249 2478 di·

106 2520 351 2630 rigendam.
418 2525 528 2610 Ezra
569 2525 705 2622 enim,
747 2524 881 2632 magis
900 2523 1080 2604 idoneus
1122 2520 1247 2604 nobis

67 2706 70 2731 .
107 2667 253 2726 veram
275 2663 317 2725 er
347 2646 584 2750 genuinam
619 2625 1121 2756 cumpronunciationis
1151 2666 1247 2724 tum
1297 2625 1302 2640 ’

56 2824 59 2838 .
109 2763 303 2847 lesiionis
325 2767 498 2872 linguae
514 2771 747 2852 Hebraicae
763 2767 1067 2878 suppeditandi
1082 2761 1259 2861 ausior,

110 2915 240 2993 quam
262 2887 374 2968 ullus
398 2891 750 2989 Masoretlrarum,
773 2894 846 3000 qui
870 2889 1006 2980 seculo
1029 2889 1158 2984 sexto,
1180 2913 1277 2968 oc·.³

110 3028 223 3110 taso,
244 3009 312 3094 vel
328 3011 455 3093 etiam
481 3015 730 3114 undecimo,
750 3005 893 3098 vixisse
912 3015 1132 3094 dicuntur.
1155 3008 1232 3126 (q)
1329 3111 1335 3128 Ι
1434 3009 1435 3018 '

995 3155 1069 3244 ΙΙΙ.
1106 3153 1250 3262 Argu.-

148 3283 194 3368 (ς)
218 3288 298 3350 Fieri
317 3291 400 3352 enim
427 3289 529 3370 possit,
549 3285 634 3370 qubd
659 3287 785 3372 quidem
805 3309 927 3358 errores
952 3296 987 3356 in
1011 3291 1251 3366 transcribendis

109 3371 332 3446 exemplaribus
353 3371 525 3434 Bibliorum
544 3372 701 3434 sacrorum
719 3375 903 3451 irrepserint
917 3402 925 3438 ι
947 3377 992 3438 Hi
1004 3397 1044 3436 ex
1057 3373 1143 3435 fideli
1156 3389 1188 3434 et
1201 3375 1249 3437 di,

18 3503 19 3512 ἢ
110 3443 222 3524 ligeriti
236 3453 314 3516 MSS.
329 3455 498 3514 collatione
513 3451 693 3534 corrigendi
706 3455 778 3516 sunt
793 3482 802 3519 r
824 3474 898 3518 nam
912 3458 1024 3537 procul
1037 3456 1132 3522 dubio
1146 3455 1249 3524 diver·

109 3523 180 3587 sitas
200 3536 384 3611 punctorum
404 3534 559 3596 vocalium
577 3534 612 3592 in
629 3535 719 3610 sacris
736 3535 843 3596 Bibliia
856 3539 1030 3614 Hebraicis,
1052 3537 1199 3620 aeque'ac
1215 3541 1252 3600 in

18 3709 20 3716 ,
110 3608 540 3713 Corano'psrabico,·dipersos·
549 3617 651 3714 sensus
664 3618 763 3695 parit,
778 3631 811 3678 et
825 3635 929 3699 antea,
945 3619 1066 3682 easdem
1078 3621 1269 3717 consonans„

18 3737 19 3796 ³
111 3696 1248 3862 lausus}setstrlsssgtsi‘tbsltl‘ss,tirsus

18 3935 19 3940 ἵ
108 3853 207 3915 sensns
215 3857 299 3918 enirn
309 3859 370 3920 loci
383 3859 551 3938 saepissime
561 3861 636 3921 hinc
646 3865 844 3940 pendet.-“
851 3868 991 3948 Dagescb
1002 3865 1081 3929 forti
1094 3865 1249 3940 sublato,’·’

18 3953 20 3956 ·
112 3934 170 4014 (ait
180 3935 358 4035 clarissimus
368 3939 603 4020 Schultensius),
621 3946 644 3978 “
659 3943 757 4002 tertia
769 3965 842 4024 pars
854 3949 982 4030 linguae
996 3947 1043 4008 ita
1053 3947 1249 4026 obscuratur,

110 4018 132 4051 “
150 4031 186 4076 nt
199 4037 235 4076 ιιι
248 4037 288 4096 ειΙ
298 4021 384 4082 nihil
392 4022 530 4090 discerni
543 4036 649 4105 queat.
672 4026 914 4110 conjugationes
929 4029 1115 4112 dageschatae
1129 4047 1249 4108 omnes,

108 4099 138 4132 “'
150 4099 259 4160 omnia
273 4099 415 4164 derivata
428 4103 504 4164 inde
518 4101 614 4179 ditia,
636 4105 752 4188 corajag.
770 4111 883 4190 Mphal
896 4111 959 4170 teia
971 4127 1117 4190 tempora
1129 4109 1249 4188 postre-

105 4179 126 4214 “
147 4199 199 4240 ma
215 4181 378 4252 verborum
389 4184 613 4255 desesiivorum
625 4189 893 4259 numerosts'unum
905 4213 1028 4274 agmen,
1054 4213 1122 4254 cum
1138 4191 1250 4267 formis

105 4261 129 4296 “
148 4256 225 4320 inde
246 4261 512 4346 descendentibus,
534 4265 597 4329 alia
617 4287 697 4348 quae
717 4269 846 4352 longum
867 4277 1059 4352 percensere,
1081 4275 1129 4336 ita
1147 4295 1168 4334 a
1187 4279 1250 4334 Da·

107 4344 129 4376 “
148 4344 245 4423 gesclr
268 4343 348 4408 forti
369 4347 520 4426 pendent,
546 4362 585 4409 ut
608 4349 645 4409 id
663 4361 730 4409 tam
753 4353 916 4415 neceslitrid
938 4357 1069 4424 adscribi
1092 4356 1250 4438 debuerit,

106 4421 128 4457 “
150 4443 242 4502 quam
264 4428 427 4488 chaneser
444 4429 602 4510 conjugat.
618 4441 652 4489 et
665 4429 786 4504 formae
800 4435 1016 4511 neccsliriua.'’
1058 4436 1132 4512 Vid.
1150 4439 1250 4497 Schel-

103 4505 177 4586 srnfi
202 4503 296 4581 lrtflit.
320 4507 406 4592 Ling.
434 4508 522 4580 Hebe.
541 4524 572 4590 p.
593 4526 639 4593 79,

1067 4603 1257 4679 ehriffimur
