2908 4832
189 223 250 311 74
351 137 353 142 Ι
427 281 450 324 .²
477 201 540 284 De
560 201 727 284 Gertuina
746 202 983 308 rdttt'quitate

173 389 177 398 ⁵
263 431 304 488 2·
340 403 675 510 Argumentum,
707 404 825 510 quod
856 400 1137 518 gravissunum
1176 431 1199 484 a
1240 403 1334 512 qui·

201 517 375 607 l'tul'dam
411 523 600 606 creditur
629 549 779 607 contra
816 524 1116 633 antiquitatem
1154 527 1335 636 punslo·

202 673 298 729 rum
323 647 554 742 vocalium,
579 676 602 728 a
624 646 875 730 sandlilstmis
905 650 1009 754 legis
1040 645 1332 748 uoluminibus
1394 679 1400 700 ⁸

203 757 385 878 petitum
405 771 476 866 esl,
493 757 666 876 ¹quibus
687 773 839 880 Judaei
862 772 974 851 ultra
993 769 1217 851 hominum
1241 798 1330 852 me·

202 887 635 992 moriam'hodie‘num
668 901 792 974 etiam
816 893 857 972 in
882 890 1107 1000 synagogis
1130 914 1327 1004 utuntur,

203 1015 370 1122 quoties
389 1015 549 1094 sacrum
573 1015 766 1098 codicem
787 1016 1052 1122 praelegunt.
1087 1017 1194 1110 Hoc,
1232 1040 1333 1096 cum

163 1233 168 1244 Ι
203 1133 372 1244 punitis
396 1136 661 1234 destituatur,
686 1125 949 1218 certilsrmum
975 1136 1118 1218 multis
1141 1138 1332 1250 videtur,

203 1247 363 1368 primos
386 1258 511 1339 etiam
543 1257 711 1350 codices
734 1257 881 1350 iisdem
905 1256 1076 1340 caruille
1096 1291 1123 1350 t.
1149 1260 1334 1342 maxime

72 1445 75 1458 .
203 1407 302 1464 cum
329 1379 519 1489 punslati
543 1381 710 1490 codices
731 1381 905 1491 Judaeis
942 1377 1124 1488 profani,
1162 1383 1235 1463 soli
1266 1409 1337 1463 ve·

202 1495 974 1610 ron'onpunt‘latisansli,dicantur.
1064 1567 1068 1580 .
1206 1581 1255 1618 ·.
1325 1585 1328 1594 ,

210 1717 218 1729 ,
264 1626 372 1706 Huic
405 1651 506 1703 vtro
530 1645 786 1730 argumento
803 1623 1105 1733 respondetur,
1151 1624 1338 1738 Judaeos

93 1755 97 1768 '
202 1745 450 1830 doniffimos
466 1747 504 1826 se
518 1744 591 1826 ists
605 1747 913 1828 consuetudine
927 1746 1007 1826 hoc
1023 1747 1176 1836 docere
1199 1745 1328 1838 nolle,

203 1871 340 1954 Biblia
356 1866 733 1975 autiquiffimanon
751 1867 953 1978 pundata
970 1865 1088 1950 soille
1105 1903 1116 1964 ς
1131 1869 1281 1975 eosque
1292 1897 1337 1948 o·

202 1992 431 2074 mulonem
450 1989 533 2070 five
548 1991 780 2073 absentiam
798 1991 1106 2100 punllorumin
1125 1990 1247 2070 sacris
1265 2017 1334 2070 co-

200 2117 368 2210 ,dicibus
379 2109 501 2192 fateri
518 2138 542 2192 a
559 2113 740 2195 Cabalae
756 2113 892 2195 studio
907 2111 1175 2209 descendisse,
1195 2133 1330 2222 patet,

119 2267 122 2282 ·
201 2263 299 2317 curn
322 2232 548 2344 punciatae
564 2259 687 2321 voces
710 2238 754 2316 in
774 2263 906 2316 vanos
922 2234 1331 2321 Cebalistarumsen·
1447 2329 1452 2349 ἱ

200 2361 266 2442 sus
285 2357 326 2440 se
349 2355 518 2436 distrahi
544 2382 632 2436 non
664 2357 915 2466 patientum
946 2359 1163 2466 quodque,
1198 2355 1331 2468 nimia

202 2505 330 2588 quam
350 2480 394 2558 in
415 2476 541 2557 sacris
560 2480 780 2576 codicibus
800 2483 1041 2587 requirunt,
1055 2483 1248 2587 miraque
1263 2505 1333 2558 ac·

204 2601 371 2686 curatio
390 2622 431 2679 et
456 2599 766 2684 corre'slionnm
791 2602 995 2682 aversatio
1017 2603 1165 2682 eadem
1189 2601 1332 2681 exclu-

202 2725 313 2828 serit,
350 2748 465 2815 cum,
488 2721 705 2831 adscriptis
732 2744 797 2803 tot
828 2722 1011 2830 pondis,
1047 2751 1135 2804 non
1169 2721 1331 2832 saepius

200 2871 368 2929 errores
390 2829 660 2928 committere
681 2845 982 2930 difficillimum
1005 2841 1091 2956 fit(
1120 2843 1157 2958 ).
1211 2917 1212 2926 ,

1068 2979 1328 3064 Douiffimus

203 3145 228 3181 “
248 3158 323 3221 quas
341 3137 513 3199 didionnm
534 3140 716 3220 quibusdam
736 3143 839 3204 literis
857 3143 1055 3205 imminentes
1075 3139 1334 3218 annnadveruffl,

202 3229 225 3296 ‘,‘
247 3221 347 3282 multi
368 3221 596 3300 frequentiores
615 3223 737 3283 suntin
757 3225 861 3286 noſtro
880 3225 997 3299 codice,
1018 3243 1109 3302 quam
1125 3221 1158 3280 in
1172 3237 1250 3290 tuos
1277 3223 1335 3284 usu

203 3311 227 3343 “
249 3318 352 3363 autem
367 3301 475 3374 didici,
492 3305 552 3361 illis
562 3305 721 3385 fignifieari
735 3305 852 3366 verbum
865 3313 895 3366 in
910 3307 1053 3388 ufitatitre
1063 3304 1270 3385 fignifican'rne
1285 3305 1335 3385 effe

202 3390 226 3423 “
240 3387 422 3464 sumendum,
445 3385 495 3444 vel
512 3384 630 3444 uerbum
648 3389 751 3465 paffive
772 3389 1001 3468 intelligendum,
1024 3390 1073 3445 vel
1090 3383 1333 3526 contusarum

201 3471 225 3505 ‘⁶
239 3464 343 3544 scribi,
359 3468 409 3524 cel
420 3465 491 3547 qnid
500 3465 812 3547 fimile.'’-Aguoscit
822 3467 1000 3528 clu-illimus
1014 3465 1167 3540 Marinus,
1185 3466 1196 3525 i
1210 3468 1255 3526 les
1269 3467 1333 3526 vir·

199 3551 290 3630 gulas
297 3546 525 3626 frequentiores
534 3547 591 3606 elle
604 3546 636 3606 in
648 3549 700 3606 suo
710 3547 815 3607 codice
827 3572 835 3608 r
852 3549 908 3608 Sed
919 3550 975 3608 vix
984 3547 1161 3628 intelligere
1171 3547 1334 3626 pellamus,

94 3669 97 3679 .
198 3627 355 3707 quomodo
369 3625 488 3686 discere
498 3627 643 3703 potuiflirt
653 3628 803 3704 Morinus,
814 3630 884 3690 illas
893 3629 1064 3712 significare
1081 3629 1207 3690 verbum
1223 3627 1335 3706 pslltve'

198 3705 256 3788 esl'e
278 3705 531 3788 intelligendum,
556 3708 613 3768 nist
634 3713 694 3770 hae
713 3710 762 3770 vir
803 3709 852 3770 lae
871 3711 994 3772 uocales
1013 3710 1229 3791 defignarentr
1259 3729 1335 3771 naut

192 3804 310 3850 uotum
323 3789 376 3862 est,
389 3787 516 3868 paffim
527 3787 642 3852 formas
652 3793 689 3850 in
699 3795 762 3851 Am
783 3791 848 3864 icis,
865 3793 912 3851 uti
922 3792 1014 3852 etiam
1028 3791 1209 3871 plerumque
1221 3789 1255 3849 in
1269 3793 1333 3850 He-

197 3869 310 3930 braicis
330 3869 612 3950 conjugationibus,
633 3871 729 3932 solum
751 3873 907 3934 vocalibus
927 3871 1087 3954 distingui.
1128 3869 1202 3933 vid.
1220 3871 1331 3932 Moris.
1413 3899 1416 3918 ι

167 4000 170 4006 ,
200 3953 356 4035 Arripuit„
367 3951 477 4026 Ecclts.
495 3951 637 4012 Orsental·
655 3968 688 4034 p.
705 3969 775 4026 217.

241 4053 291 4136 (u)
315 4052 389 4112 Vid.
406 4054 445 4112 R.
468 4053 588 4114 Asarias
603 4057 636 4114 in
651 4058 750 4116 Meor.
767 4054 887 4131 Euaim,
904 4071 967 4138 cap.
978 4055 1035 4116 lix.
1052 4050 1223 4125 Areuvolti,
1240 4049 1333 4110 alios·

197 4155 268 4216 que,
290 4153 421 4214 quorum
443 4133 618 4196 testimonia
638 4135 767 4218 collegit
786 4136 970 4215 Buxtorfius,
991 4151 1025 4197 et
1039 4135 1151 4215 quiex
1163 4131 1333 4192 verbisne.

198 4218 268 4277 chai
280 4235 399 4274 morem
414 4214 503 4273 istum
521 4233 584 4276 non
598 4215 770 4298 pundtandi
784 4215 882 4278 libros
894 4222 992 4280 sacros
1005 4221 1085 4291 sero,
1099 4230 1133 4276 et
1148 4235 1217 4274 cum
1231 4211 1334 4276 studio

197 4295 392 4366 Cabalistico,
412 4311 517 4355 orrum
534 4297 591 4356 elle
611 4299 755 4359 affirmat.
799 4298 873 4358 vid.
892 4301 1032 4383 Buxmrs.
1055 4301 1087 4358 de
1105 4297 1208 4380 Arrrs‘q.
1232 4295 1332 4374 pund.

112 4447 116 4459 ι
192 4383 226 4462 p.
239 4375 525 4460 53.--Quodque
537 4379 696 4444 manifesti
710 4379 955 4465 deprehenditur
967 4381 1101 4444 exhisce
1114 4379 1153 4440 ll.
1165 4377 1279 4522 luecqqi
1294 4375 1336 4437 ad
1443 4369 1447 4384 ’

472 4505 477 4514 ,
722 4501 726 4516 .
790 4484 796 4496 ·
1268 4477 1327 4518 ura.
