2952 4836
194 215 273 304 2i2
348 169 613 309 cnivis
669 211 1202 336 nunriruuciii.

192 433 313 512 2034.
346 400 467 514 Plg‘lfll?
487 407 598 514 Propi
635 403 828 516 iiffmlntor,
867 405 1075 488 deliocotor:
1123 413 1225 491 Hinc
1254 417 1324 491 cir·

271 517 503 624 conscriptor,
542 517 699 624 difinitur
730 523 795 628 qui
828 521 960 598 limites
990 520 1164 630 cujusque
1201 529 1322 628 potiit,

272 625 394 735 pensa,
417 625 647 732 pollessiones
664 626 907 709 determinat:
937 639 1134 734 imperator,
1155 636 1218 740 qui
1233 660 1324 713 coii-

200 839 206 848 .
269 736 392 818 scribit
410 741 627 848 exercitum,
651 740 738 842 juris
757 740 956 848 legumque
982 743 1091 836 lator,
1119 741 1238 843 judex
1256 747 1320 850 qui

269 849 373 926 suuni
393 849 683 955 cuiquetribuit,
713 865 749 927 et
766 847 939 954 cujusque
964 854 1025 954 jue
1053 847 1231 932 defendit.

263 983 471 1065 governour,
504 953 649 1038 aruler
659 995 676 1048 ,·
724 983 749 1035 o
775 956 965 1066 sonogioer‚
1003 961 1082 1039 tosto
1111 959 1323 1071 prescriberli

267 1071 377 1178 right,
398 1067 471 1145 nod
484 1067 677 1260 reguslatptlp
691 1069 966 1260 isicsotllionsdos
977 1073 1128 1152 another.
1189 1075 1321 1262 Adi-1⁸3

192 1230 196 1238 -
268 1189 368 1266 αἱ»
400 1203 479 1256 r0.
515 1205 612 1258 ineu
667 1197 707 1271 it,
760 1205 805 1258 cu
919 1211 944 1260 o
972 1184 1182 1264 excavari.
1262 1188 1315 1258 i.

267 1205 495 1367 Numixii.
526 1286 586 1367 18.
629 1207 760 1369 pHinc
780 1207 928 1396 figpdrlds,
958 1295 1090 1385 literas,
1121 1201 1317 1400 indagines,

268 1396 413 1492 incidit,
433 1395 645 1491 delineavit,
665 1397 850 1507 inscripsit.
896 1398 948 1482 To
966 1429 1128 1510 engrano.
1167 1428 1203 1482 2.
1224 1402 1320 1488 Pen-

122 1539 139 1564 =
266 1509 359 1602 sum,
389 1506 463 1588 five
489 1511 563 1608 cibi
584 1508 657 1588 five
677 1510 813 1590 laboris
831 1514 1053 1616 portionem,
1073 1515 1181 1594 alicui
1208 1511 1318 1619 allig-

192 1696 198 1714 ,
267 1622 393 1708 navit3
440 1622 602 1699 terminis
631 1623 722 1699 'fixis
760 1619 988 1728 possessiones
1020 1621 1313 1728 circuml'cripfit.
1402 1723 1404 1731 γ

211 1827 214 1836 ³
267 1757 304 1830 3.
323 1731 446 1810 Notat
475 1734 510 1810 in
529 1757 661 1836 genere
688 1731 725 1812 id
756 1761 869 1833 omne
887 1733 990 1843 quod
1011 1759 1138 1812 verum
1157 1729 1320 1834 justum·

265 1865 339 1950 que
357 1838 412 1934 sit,
445 1844 500 1919 vel
526 1842 628 1950 qnod
657 1845 766 1922 alicui
794 1843 895 1926 certd
927 1841 1093 1938 debetur,
1126 1842 1228 1952 quod
1248 1869 1317 1921 cti·

256 1949 390 2062 jusque
413 1954 473 2054 jus
499 1949 541 2030 fit
564 1969 599 2031 et
624 1952 791 2060 officium
818 1952 1061 2060 praescripfit,¹
1070 1951 1204 2032 edidla
1222 1956 1314 2060 pub-

264 2064 335 2164 lica
353 2063 449 2155 tulit,
485 2087 581 2178 quae
600 2066 636 2144 iii
655 2090 716 2147 aes
735 2064 884 2176 insculpi
909 2081 946 2142 et
976 2065 1120 2176 publice
1138 2066 1201 2172 ligi
1225 2063 1318 2144 sole-

1210 2177 1313 2256 bant.

181 2465 274 2527 cante
297 2444 470 2599 sensnmpu'e
484 2447 541 2514 etit
557 2449 674 2530 volunt,
688 2451 831 2539 Populum
851 2454 882 2520 in
895 2473 932 2518 eo
947 2453 1022 2520 stetu
1038 2455 1125 2534 usque
1141 2449 1178 2517 ad
1192 2443 1316 2514 Menae

95 2587 99 2600 ,
181 2537 345 2610 adrentum
358 2557 411 2621 per
424 2555 621 2605 eieraturum.
643 2537 698 2610 Sed
711 2538 894 2608 verisimilius
910 2538 964 2615 est,
975 2539 1053 2624 quod
1069 2535 1208 2620 inpriore
1221 2553 1315 2598 mem·

48 2651 49 2656 ¹
172 2619 247 2699 hro,
260 2619 330 2688 licet
347 2621 438 2688 tribus
450 2637 480 2685 et
497 2619 657 2708 majestatis
668 2623 783 2694 duratio
797 2625 1019 2704 includatur,de
1033 2619 1155 2692 militari
1169 2617 1316 2702 imprimis

140 2745 149 2760 .
178 2705 281 2792 populi
297 2707 489 2782 conditione;
507 2725 539 2772 et
551 2730 581 2773 iii
593 2707 768 2794 posteriore,
784 2709 854 2775 licet
868 2709 985 2775 Melsiae
999 2728 1124 2799 reguum
1137 2703 1314 2780 includatur,

178 2793 216 2856 de
231 2790 353 2878 pacifica
369 2793 454 2880 regni
470 2793 563 2882 Judre
579 2793 686 2874 sorma,
704 2794 837 2882 opposite
864 2797 900 2860 ad
924 2793 1055 2871 bellicam,
1070 2791 1181 2856 diredie
1197 2807 1312 2876 agatur.

178 2878 324 2962 Adeoque
337 2879 448 2966 duplex
471 2883 545 2942 liaec
567 2878 720 2965 regiminis
735 2883 832 2946 torma
853 2883 902 2946 hic
919 2881 960 2944 ita
974 2877 1173 2949 comeditur,
1187 2893 1217 2938 ut
1230 2873 1313 2961 prior

178 2963 216 3028 rid
232 2963 427 3050 polleiiorem
445 2965 531 3049 usque
546 2962 601 3028 sel'e
612 2969 793 3051 porrednta,
811 2984 839 3030 et
855 2969 929 3033 hirc
953 2966 1037 3033 illaui
1063 2958 1238 3027 immediate
1259 2981 1312 3024 ex·

178 3065 303 3136 ceptum
316 3049 360 3116 sit.
402 3049 508 3115 Nexus
523 3071 591 3116 cum
608 3051 798 3136 praecedeuti
812 3050 895 3116 nerlii
918 3053 988 3116 liuic
1013 3045 1252 3134 interpretationi
1268 3043 1313 3112 sa·

177 3151 255 3202 iet:
275 3135 419 3202 Bellicam
436 3135 530 3220 Judae
546 3137 748 3202 conditionem
765 3135 909 3223 aptissime
931 3135 1025 3200 leonii
1039 3131 1208 3221 praedantis
1223 3151 1252 3196 et
1267 3151 1313 3196 re·

178 3221 313 3289 cubantis
326 3220 459 3308 imagine
473 3221 660 3307 depinxerat,
676 3243 749 3288 mox
767 3223 957 3288 durationem
972 3223 1137 3286 aduentum
1155 3215 1239 3302 usque
1255 3235 1313 3281 iei-

178 3307 292 3380 minum
305 3305 454 3394 subjungit
467 3333 476 3382 ;
498 3307 759 3392 modosymbolice
773 3307 887 3376 locutus
899 3310 1009 3386 suerat,
1023 3327 1101 3372 nunc
1118 3305 1235 3390 proprie
1247 3324 1310 3368 uta·

177 3393 225 3478 gis
240 3413 302 3457 rein
319 3392 472 3476 exprimit.
516 3392 676 3459 Manifesta
692 3411 848 3479 praeterea
869 3397 905 3461 ad
921 3394 999 3480 prius
1014 3393 1093 3456 leonii
1105 3391 1257 3456 emblema
1270 3391 1310 3452 al·

177 3453 374 3574 lusimllill'l
391 3481 476 3575 vill?
493 3481 531 3542 ab
541 3480 615 3541 irner
625 3484 708 3564 pedes
722 3482 792 3562 rjus,
807 3482 886 3546 lianc
900 3479 1188 3568 interpretationem.
1206 3473 1311 3540 contir-

177 3609 261 3654 tuate
276 3567 404 3666 ridetur,
425 3603 455 3650 et
466 3607 541 3672 quae
552 3583 744 3681 simplicitate
757 3583 806 3650 suli
820 3583 900 3650 forte
909 3582 1096 3670 approbabit:
1112 3581 1175 3648 luit
1198 3581 1310 3646 oeuini
1376 3599 1381 3605 ·

176 3673 272 3738 leonis
295 3671 461 3737 recubantis
475 3673 590 3756 Jacnbo
617 3671 747 3756 loquenti
768 3667 922 3736 obversata
944 3671 1081 3742 rideturr
1118 3681 1148 3730 et
1175 3685 1310 3752 ceptrum

177 3757 559 3844 majestaticimperatoiiae
575 3757 740 3824 leonis'i'iiter
751 3758 841 3845 pedes
860 3755 984 3821 iudicari
995 3751 1102 3819 voluit·
1132 3751 1240 3833 Judam
1253 3752 1311 3814 ita-

176 3865 234 3942 nue
252 3845 327 3910 leoiii'
337 3844 424 3934 flexi}
435 3844 559 3907 cruribus
579 3841 740 3907 turumberti
761 3857 792 3906 et
806 3841 984 3914 dominanti,
1014 3841 1081 3904 suae
1103 3859 1138 3902 uc
1158 3836 1312 3922 potestatis

176 3930 293 4018 insigne
308 3929 389 3994 iuter
404 3928 566 3993 anteriores
581 3930 669 4010 pedes
691 3926 845 4008 retinenti,
868 3941 1034 4022 comparat.
1073 3860 1151 3988 gum
1169 3922 1249 3988 e'nim
1269 3925 1312 3986 le.

146 4079 149 4082 .
176 4017 297 4166 pocior
310 4017 358 4081 iel
375 4013 489 4102 insigne
505 4011 730 4100 imperatorium
745 4014 781 4076 ad
793 4014 911 4080 leonem
926 4013 1080 4086 reseratur,
1105 4023 1136 4073 et
1159 4001 1239 4075 inter'
1262 4031 1311 4092 pe·

197 4103 303 4252 {sepius
317 4101 497 4180 collocetur,
519 4099 674 4167 leoninum
690 4095 751 4163 five
770 4099 942 4168 bellicosum
957 4098 1043 4186 regni
1057 4096 1164 4165 statum
1176 4096 1310 4164 indicare

179 4206 199 4251 o
224 4207 258 4250 en
283 4203 317 4250 it.

1454 3203 1459 3318 l

1457 2619 1459 2706 l

1457 3369 1459 3454 l

1457 3629 1459 3698 l

1452 3699 1459 3854 l

1452 3943 1459 4062 l
