2924 4832
311 257 1065 356 PR'AEFATIO.
1237 297 1437 408 ⁷,'

123 480 388 572 occurrebat,
427 505 510 586 ope
541 461 839 560 Concordant.
874 473 1008 555 Hebr.
1045 471 1266 562 dosllffimi

122 607 271 690 Calalii
304 601 656 693 examinavimus,
691 597 910 677 sedetiam
936 595 1269 705 linguasorien·
1315 695 1317 700 ,

7 729 10 782 7
126 733 247 823 tales,
274 729 489 806 Hebraeae
510 722 684 828 linguae
706 718 923 815 dialetlos,
945 721 1266 819 consuluimus,

121 875 167 934 ut
192 851 294 931 inde
318 847 584 928 harmoniam
612 865 655 923 es
680 842 1027 923 convenientiam
1052 844 1270 927 variarum

28 998 34 1012 '
122 974 481 1080 significationum
527 993 627 1047 cum
671 963 873 1074 primaria
916 967 1266 1075 perspiceremus.
1369 970 1372 981 “
1414 967 1415 976 ’

84 1079 91 1094 ’
126 1099 337 1202 Exempla
376 1094 530 1172 horum
576 1087 737 1169 videbit
778 1085 911 1169 terror
951 1104 1027 1199 ptr
1067 1090 1273 1190 Clavin13

125 1221 216 1301 vid
246 1238 523 1321 num..‚1347
563 1203 691 1317 1738.

191 1340 274 1436 ado,
310 1338 523 1446 Quoniam
546 1334 721 1441 quidam
745 1331 826 1413 virt
811 1331 976 1428 dosii,
1014 1331 1177 1420 nullam
1201 1367 1272 1438 vce

127 1491 218 1546 ram
242 1460 493 1543 affinitatem
529 1457 643 1538 inter
675 1456 868 1563 linguam
892 1458 1129 1540 Hebraeam
1151 1484 1192 1542 et
1216 1465 1273 1544 A·

128 1585 316 1667 rabicam
340 1576 549 1676 interesse,
590 1579 744 1660 acriter
773 1581 1065 1678 contendunt,
1109 1581 1274 1668 etiamsi

128 1711 302 1816 linguae
328 1705 531 1791 Arabicae
553 1700 677 1810 plane
698 1700 779 1782 smt
802 1704 944 1798 rudes,
979 1705 1143 1786 radices
1167 1712 1274 1788 Ara·

128 1831 258 1926 bicas,
292 1829 466 1936 linguae
489 1825 722 1919 Hebraeae,
757 1844 849 1905 tum
871 1823 1005 1923 seusu,
1035 1847 1128 1906 tum
1152 1828 1273 1928 sono,

129 1952 342 2060 literisque
360 1947 682 2042 convenientes,
705 1946 924 2027 Hebraicis
942 1949 1158 2031 radicibus
1180 1951 1276 2032 sub·

124 2077 325 2187 jecimus,
360 2093 408 2154 ut
429 2070 717 2178 unusquisque
745 2069 826 2150 suis
847 2068 981 2150 oculis
1003 2069 1164 2154 hancce
1184 2071 1277 2154 affl·

132 2200 315 2280 nitatem
336 2194 588 2304 perspiciat:
620 2192 847 2300 Pluresque
878 2194 1086 2302 loquendi
1115 2193 1277 2278 forinas

129 2321 361 2404 Hebraicas
386 2343 437 2398 ex
462 2315 682 2397 Arabismo
704 2314 1019 2396 illustravimus.
1081 2319 1279 2400 Nullam·

131 2469 221 2550 que
240 2439 319 2522 esse
341 2438 592 2546 religionem
616 2437 964 2533 uobis-mutuari,
998 2458 1092 2522 tunt
1119 2469 1144 2520 a
1165 2441 1279 2523 Rab-

131 2567 261 2663 binis,
295 2582 389 2643 tum
422 2562 785 2658 aMohammede,
819 2561 1132 2671 Arabibusque,
1165 2587 1278 2672 quae

130 2689 224 2770 loca
268 2684 431 2766 Veteris
473 2683 735 2764 Testamenti
776 2683 1022 2765 obscuriora
1068 2685 1300 2766 illustrare

134 2811 329 2904 valeant„
359 2805 642 2914 agnoscimus,
685 2807 1053 2912 quemadmodum
1086 2836 1111 2888 a
1142 2806 1279 2908 Celso,

136 2934 287 3014 Marco
308 2929 546 3024 Antonino,
569 2927 827 3037 caeterisque
850 2929 965 3009 Novi
983 2931 1180 3011 Foederis
1202 2930 1280 3011 ho-

20 3102 25 3111 ·
133 3055 279 3151 slibus,
312 3051 526 3158 illa'quae
556 3051 696 3131 lucem
725 3051 771 3132 in
802 3051 894 3131 loca
924 3050 1168 3134 difficiliora
1197 3051 1280 3132 dis⁴

133 3174 318 3258 sundere
349 3172 514 3282 poffint,
548 3165 687 3256 critici
719 3173 912 3257 mutuati
936 3175 1067 3256 sunt:
1115 3177 1194 3258 Fas
1222 3175 1281 3280 est

134 3300 250 3382 enim
274 3297 343 3381 hic
366 3317 409 3377 et
428 3297 482 3377 ab
506 3295 620 3378 hoste
643 3295 805 3378 doceri.
954 3311 959 3320 “

198 3425 248 3504 ln
279 3419 356 3502 hac
386 3444 445 3516 re,
480 3437 574 3498 tum
604 3415 934 3502 doetiffimorum
963 3417 1282 3530 Rabbinortim‚

133 3547 200 3628 uti
223 3545 347 3625 Aben
368 3543 515 3636 Ezrae,
546 3541 685 3622 Rabbi
707 3540 846 3624 David
869 3543 1055 3640 Kimchi,
1078 3565 1122 3626 et
1137 3544 1284 3625 Rabbi

136 3668 339 3750 Solomon
365 3662 524 3774 Jarclti,
558 3670 653 3745 t'um
683 3651 1056 3749 eruditissimorum
1084 3667 1286 3750 Christia·

132 3816 310 3905 norum,
343 3786 671 3882 bochartorum,
699 3789 1028 3889 Pocockioeum,
1062 3791 1285 3873 Schindte

131 3941 300 4013 rorum,
332 3909 589 4018 Hydiorum,
623 3910 1004 4013 Schultenllorum,
1035 3933 1079 3998 et
1100 3913 1286 3996 aliorum

135 4063 322 4146 quorum
346 4033 524 4116 nomina
551 4037 667 4146 apud
696 4051 846 4118 omnes
873 4038 1118 4120 literaturae
1140 4035 1286 4119 orien

135 4159 233 4243 talis
269 4157 521 4244 studiosos
503 4177 603 4268 Jure
640 4157 739 4242 sunt
776 4159 1070 4262 celeberrima,
1112 4159 1287 4272 vestigia

18 4393 19 4398 Ν
141 4283 372 4390 pressimus,

18 4411 19 4422 ‘
211 4415 296 4510 gtio,
329 4383 543 4518 Quasdam
576 4385 717 4490 notas
733 4409 902 4493 criticas
932 4430 974 4494 et
1002 4406 1289 4518 philologicas

134 4529 196 4650 ad
220 4531 334 4656 varia
353 4533 448 4657 loca
425 4529 771 4666 difficiliora,
754 4557 850 4648 tum
805 4529 1169 4726 Pentateuchli,
1195 4549 1289 4607 tum

65 4666 74 4695 ’·
884 4703 889 4714 ·
1017 4664 1021 4671 ’
1106 4667 1290 4776 storum
