2960 4828
384 207 433 308 'E
468 217 513 309 X
549 223 590 308 Ο
623 215 723 308 1)Ἰ
786 219 977 308 Canon
1008 214 1136 308 XV.'
1248 239 1328 336 327

161 450 286 534 2354.
317 403 411 518 ‘rm'
430 413 596 504 Tremor
619 413 895 506 vehementior.
938 415 1152 532 Ἱνὲηιὲῐίης.Ι
1194 422 1332 534 (Apud

161 621 167 634 ,
209 535 360 619 ¹Arabes
380 551 466 650 tues
484 539 595 633 i'l'lll'l
615 553 757 616 tremor
773 561 852 644 quo
872 539 1041 618 membra
1060 555 1207 644 torpent
1225 557 1261 619 et
1279 542 1333 620 ri·
1401 585 1405 598 .

11 671 13 728 J
220 648 407 766 gescunt.)
466 649 604 740 Any]
622 675 690 762 nep
710 650 847 740 tonuit,
878 650 1043 732 tremuit.

51 760 90 838 ’.“
167 785 287 868 2355.
314 748 400 854 tlh}
430 755 643 866 Liquesadli
677 760 770 850 sunt,
805 761 1036 866 3phpruet.
1064 761 1153 865 asp.
1212 761 1335 838 Atio
1375 862 1377 873 ‚
1423 859 1429 868 ι

220 881 285 982 gl..
317 867 469 958 diffluit,
498 869 717 976 liquesadins
749 869 831 964 snit,
861 869 1056 948 flncluatus
1084 870 1156 948 suit
1187 873 1332 950 animo.

218 979 310 1061 Vid.
330 977 388 1058 Ps.
411 980 497 1058 cvii.
518 981 582 1056 ad.
611 989 674 1082 qui*
685 979 944 1091 fludujat‘lari'
953 980 1053 1090 fient.
1109 976 1331 1090 Tudiffisve,

221 1087 489 1199 mrstfiirsear.
821 1136 826 1142 -
1163 1139 1167 1148 ·

166 1202 299 1308 2356.
333 1203 443 1282 vri.
470 1199 534 1284 16.
567 1201 702 1300 illssip’b
722 1201 837 1308 Prop.
859 1197 978 1287 aestus
997 1223 1201 1305 vaporans:
1231 1203 1335 1284 Hine

225 1332 353 1402 terror,
384 1310 625 1392 formidolosa
644 1335 679 1391 et
699 1314 866 1394 terribilis
886 1315 964 1388 vis:
1012 1312 1126 1392 Enini
1148 1339 1329 1424 paragog.

222 1449 309 1504 cuni
335 1427 366 1494 i'l
388 1421 554 1504 censetur
577 1425 654 1502 vini
685 1421 889 1530 superlativi
922 1423 1071 1515 habere,
1100 1426 1176 1503 vid.
1197 1427 1334 1506 Grani.

223 1561 260 1642 p·
284 1533 349 1618 88.
390 1530 540 1628 violent,
559 1529 833 1646 exceffinefeui·.
873 1535 951 1612 -Ab
971 1535 1055 1629 Ulli
1074 1545 1118 1655 pli
1145 1537 1250 1646 (med.
1263 1535 1332 1648 Jc)

121 1700 126 1707 -
222 1643 416 1725 aestuavit.
453 1675 488 1723 2.
520 1646 713 1726 Excitavit
731 1637 878 1724 sunium
898 1644 1128 1726 aestuantem
1150 1647 1222 1757 (y).

169 1763 288 1864 2357.
307 1757 388 1860 ¹0³3}
408 1755 676 1850 Conticescent,
697 1758 909 1860 iniinobiles
924 1753 1124 1866 quiescent,
1157 1785 1178 1860 3
1201 1761 1249 1864 pl.
1275 1785 1329 1838 nr.

224 1865 398 1978 (quidam
421 1868 553 1948 volunt
572 1865 642 1946 esse
665 1894 685 1967 3
708 1871 754 1972 pl.
787 1895 811 1948 2
832 1864 904 1975 sp.)
936 1859 1037 1952 0⁸³3]
1063 1887 1099 1948 et
1131 1870 1332 1962 conticuit,

224 2005 247 2080 3
269 1977 360 2084 hug.
379 1977 450 2058 sut.
480 2004 494 2056 r
518 1979 569 2084 sp.
603 1979 755 2074 nunu
770 2009 838 2098 pai
859 2001 963 2085 prop.
983 1979 1208 2094 laevigando
1226 2005 1334 2059 coin-

222 2090 416 2198 planavit:
447 2089 547 2170 Hinc
573 2115 609 2172 1.
633 2088 740 2179 siluit,
759 2093 954 2180 conticuit,
977 2091 1039 2167 ubi
1060 2095 1164 2196 plane
1178 2105 1334 2199 apparet

179 2237 183 2244 ·
222 2203 285 2298 illa
302 2203 493 2312 aequatio,
523 2199 600 2311 qud¹
615 2203 696 2310 qnia
717 2199 790 2279 fine
819 2203 895 2279 ullo
914 2199 1016 2280 aestu
1040 2199 1194 2295 sedatus,
1222 2229 1331 2282 corri-
1409 2304 1410 2310 Ν

221 2310 356 2418 politus
381 2311 615 2419 conspicitur,
646 2329 686 2391 ut
712 2311 760 2389 de
787 2317 937 2394 Anione
955 2311 1090 2392 dicitur
1109 2313 1200 2394 Lev.
1223 2341 1263 2394 x.
1286 2340 1323 2416 3.

224 2423 274 2502 To
294 2421 334 2516 Iit
350 2423 430 2530 hassi
447 2451 487 2501 or
493 2421 586 2533 still,
617 2443 650 2500 io
667 2423 707 2502 be
724 2419 826 2516 casm,
846 2419 1024 2532 composcd.
1054 2449 1091 2502 a.
1114 2426 1238 2505 Notat
1255 2423 1332 2504 stii-

164 2539 167 2544 ’
216 2559 351 2644 porem
365 2561 442 2640 quo
454 2543 535 2642 quis
546 2531 699 2629 desidet,
710 2532 950 2616 obmutescet.
963 2532 1003 2615 T
997 2532 1105 2616 alvold
1114 2536 1203 2616 orre’s
1209 2552 1331 2642 peace,

167 2777 237 2833 euin
254 2760 419 2826 deduceret
436 2755 466 2821 in
483 2753 568 2822 rasso
587 2771 619 2830 et
641 2753 916 2852 horrido-deserto,
937 2771 968 2821 et
984 2771 1018 2822 ut
1033 2756 1179 2856 pupillum
1193 2754 1276 2856 oculi
1291 2663 1335 2822 dd

167 2844 340 2926 custodiret,
362 2844 564 2929 expandendo
589 2843 650 2908 alra
674 2839 736 2908 suas
761 2845 845 2928 hiper
869 2863 951 2923 euin,
972 2861 1062 2928 atque
1078 2845 1258 2930 iiihumeria
1279 2837 1335 2910 suis

166 2935 328 3019 portando,
349 2935 446 2998 donec
466 2931 587 2994 tandem
612 2928 642 2994 in
665 2947 777 2994 terram
803 2929 990 2994 Cananaeam
1015 2929 1234 3010 introduceret,
1255 2931 1336 2996 etin

166 3021 272 3086 monte
287 3013 480 3084 haereditatis
494 3018 560 3081 suae
576 3013 734 3102 plantaret.
778 3015 922 3084 Tandem
960 3035 1082 3082 acorem
1099 3013 1335 3102 trepidationem

165 3125 224 3188 qua
235 3103 357 3192 percussi
370 3102 474 3181 essent,
489 3099 688 3188 pulcherrimi
701 3098 840 3167 describit
857 3036 1071 3186 praedicitque,
1087 3106 1111 3140 “
1125 3101 1262 3194 Audierit
1279 3119 1337 3187 po·

167 3199 190 3230 “
207 3193 282 3278 puli,
297 3211 327 3257 er
340 3187 534 3269 tremescent,
550 3189 639 3253 dolor
652 3188 856 3286 apprehendet
870 3187 1052 3286 habitatores
1066 3185 1241 3286 Palestinae,
1256 3185 1336 3258 &cd’

167 3279 190 3342 τ’.
201 3303 224 3340 e.
242 3295 274 3344 ut
291 3276 423 3362 primum
439 3272 586 3340 audierint
601 3291 698 3339 exteri
717 3275 821 3361 populi
834 3276 870 3339 de
885 3295 958 3340 inan
974 3274 1062 3340 rubro
1077 3271 1155 3340 scisso
1169 3269 1336 3339 exsiccato·

167 3383 228 3448 que
243 3363 273 3428 in
289 3363 420 3448 gratiam
436 3359 652 3435 israelitarum,
666 3361 761 3445 deque
774 3357 925 3426 submersis
933 3359 1072 3448 AEgytiii,
1087 3357 1163 3450 ipsos
1173 3358 1336 3424 Palestinoi

169 3448 301 3533 alioquin
318 3447 434 3514 seroces
448 3444 542 3511 subita
558 3465 593 3511 ae
607 3445 769 3512 vehemens
785 3447 905 3512 invadet
921 3447 1092 3530 trepidatio.
1117 3444 1237 3510 Veritas
1252 3447 1337 3532 hujus

167 3531 346 3622 prophetiae
369 3554 407 3598 eit
431 3528 531 3598 multis
552 3533 633 3596 clara
652 3531 696 3598 est
718 3563 727 3608 5
762 3533 919 3620 praecipue
941 3553 980 3597 eii
1005 3531 1128 3600 historia
1150 3533 1235 3600 Ruth
1258 3533 1337 3598 Cati·

119 3691 124 3702 ,
170 3619 326 3706 ponariae,
356 3623 379 3656 “
406 3617 489 3682 Novi
515 3619 593 3703 quod
615 3617 765 3683 Dominus
785 3617 871 3682 vobis
884 3618 1040 3684 tradiderit
1055 3637 1180 3700 terrain,
1207 3635 1240 3684 et
1254 3619 1336 3705 quod

166 3714 189 3751 “
212 3705 332 3774 irruerit
353 3705 383 3769 in
409 3723 463 3768 noa
485 3719 587 3768 terror
607 3701 715 3782 vester,
738 3721 770 3768 et
793 3704 992 3793 elanguerunt
1017 3723 1125 3776 ornnes
1149 3704 1336 3772 habitatores

168 3801 193 3834 “
216 3812 314 3860 terrae
330 3813 346 3856 a
364 3791 440 3856 sacie
451 3787 566 3856 velita:
582 3790 762 3856 Audivimus
777 3789 856 3856 enim
874 3793 953 3878 quod
968 3788 1122 3856 siccaverit
1139 3789 1289 3857 Dominus
1304 3813 1333 3855 a·

168 3885 193 3919 “
214 3901 284 3965 quas
300 3879 390 3946 marie
405 3876 487 3943 rubri
502 3876 538 3941 ad
554 3875 682 3943 vestrum
699 3877 877 3952 introituiire
900 3897 931 3942 et
955 3877 1031 3944 haec
1053 3877 1225 3978 audientur,⁸
1242 3877 1336 3976 perti·

170 3969 194 4004 “
219 3968 359 4043 uiuimus,
378 3981 408 4031 et
425 3964 492 4029 elan
519 3962 560 4029 uir
576 3981 631 4026 eor
645 3963 791 4046 nostrum,
809 3985 867 4029 nec
882 3963 1026 4029 remansit
1040 3964 1071 4030 iii
1087 3963 1173 4030 nobie
1187 3961 1335 4050 spiritura

171 4054 195 4087 “
218 4050 294 4115 sacie
309 4049 437 4130 vestra,'’
454 3983 536 4134 Just.
552 4049 583 4114 ii.

212 4136 269 4221 ss)
286 4137 370 4203 Haec
385 4133 496 4223 phrasis
513 4073 734 4239 propser-ig
756 4135 865 4202 lacerti
889 4133 1038 4222 compassi
1059 4133 1274 4222 firmitudinem
1287 4137 1337 4202 in·

172 4253 283 4317 tortam
299 4257 328 4306 et
343 4239 541 4312 robustiorem
554 4259 650 4312 notat.
674 4245 723 4310 Sic
736 4245 853 4319 Araben'
869 4257 965 4346 gaft
978 4255 1068 4332 „lm
1079 4247 1203 4312 lmerrm
1214 4245 1338 4334 firmius

170 4345 293 4414 interires
308 4365 337 4413 et
352 4349 525 4435 compeditis,
547 4353 642 4439 qualis
656 4353 699 4422 est
715 4355 874 4436 Athletae,
897 4356 1049 4431 videlicet,
1067 4375 1098 4426 et
1112 4353 1257 4426 sortillimi
1271 4357 1337 4426 hel·

172 4431 298 4513 laroiisr
320 4435 449 4504 eandem
464 4441 526 4506 viiii
540 4457 571 4507 et
585 4439 739 4528 einphafin
755 4465 789 4509 ac
804 4445 903 4534 ΠΡῖΠ
920 4449 959 4514 Ἣ
975 4443 1077 4512 habet.
