2960 4828
169 206 248 286 312
335 181 590 264 ctavrs
648 115 1193 271 aou'rrrnuurrr.
1469 243 1477 348 4

167 401 290 488 2271.
310 383 422 464 Van.
448 409 509 465 ιι.
535 383 635 480 Πέἓῐ,
656 383 706 462 Et
728 359 930 464 seeundum
951 383 1054 464 huuc
1073 383 1248 484 modum,
1278 416 1329 471 ert
1466 380 1477 501 i

245 491 653 602 praessetlietffl.
714 492 1047 600 Vid.num.9.95.
1475 513 1477 520 “

165 626 284 712 ²²72·
307 605 439 714 &23¹3
463 609 647 700 nectunt,
668 625 761 710 part.
784 606 873 713 pass.
897 610 946 714 pt.
972 633 1023 688 m.
1044 603 1168 717 (Ἶῖ)ῦέ
1188 637 1209 718 3
1231 609 1323 720 sing.

103 799 106 804 ,
243 743 298 796 m.
321 717 413 819 fut.)
447 716 541 823 rsp.
602 719 735 811 ΑᾞΙζὶ
757 753 844 834 ff*
870 720 1003 814 cinxit,
1033 723 1210 804 accinxit.
1272 721 1355 802 To'

236 827 325 936 gird
340 827 516 918 abouttbe
529 828 648 937 weiss,
679 849 713 906 to
725 829 812 936 gard
829 859 869 908 on
887 856 911 908 a
924 851 1098 935 germem.
1181 915 1186 926 ,

161 960 281 1047 2273.
313 933 410 1034 15st
441 940 655 1033 Iucoxatio,
684 939 737 1022 est
760 943 906 1022 babitus
925 947 1087 1048 corporis
1106 943 1202 1030 inter
1220 939 1324 1024 stan-

241 1051 333 1132 dum
357 1069 395 1132 et
421 1049 623 1134 sedendum
642 1050 813 1160 penduli,
844 1057 909 1162 qui
929 1051 983 1130 est
1002 1057 1319 1159 peregrinantium
1411 1158 1415 1164 ἱ

237 1179 278 1244 et
305 1165 343 1244 in
373 1164 502 1244 itinere
533 1162 768 1256 versantium,
808 1163 984 1274 quorsum
1013 1169 1128 1246 etiam
1160 1163 1322 1271 speetant

238 1277 301 1354 itta
329 1273 377 1354 de
407 1277 543 1357 lumbis
576 1274 787 1367 substridbs,
826 1294 861 1354 et
898 1277 1034 1354 baculo
1066 1278 1103 1354 iu
1136 1278 1320 1370 fnanibus.

238 1384 335 1466 Tuae
348 1385 486 1494 pastura
510 1387 557 1496 ef
568 1388 624 1464 the
641 1387 722 1492 body
743 1387 908 1466 wbicbir
924 1383 1079 1464 between
1095 1383 1227 1496 fitting
1251 1387 1326 1468 and
1372 1491 1375 1494 Ι

227 1496 408 1605 standing,
430 1501 627 1605 frequently
648 1497 731 1606 used
753 1497 793 1603 ty
814 1492 1012 1592 tronellus,
1042 1495 1150 1574 while
1171 1501 1245 1608 they
1264 1525 1321 1579 re·

223 1608 324 1716 fresta
343 1605 538 1719 themselves
558 1608 819 1716 injourneying.
837 1611 888 1688 Et
899 1605 1093 1688 exeadem
1111 1607 1196 1686 idea
1213 1616 1319 1690 inco·

233 1723 397 1799 xationis
416 1748 478 1827 per
500 1724 786 1825 metonymiam,
806 1719 1006 1824 trepidatio,
1027 1717 1225 1828 festinatio.
1279 1725 1314 1801 A

236 1831 305 1928 ibt!
317 1845 386 1948 pt>
411 1835 604 1912 incoxatus
627 1831 709 1924 fuit,
735 1829 867 1912 assedit
880 1833 981 1938 super
998 1857 1140 1922 coxas;
1168 1849 1204 1910 et
1222 1858 1316 1942 qua·

234 1959 340 2022 tenus
357 1945 423 2052 qui
443 1942 520 2040 isto¹
534 1941 836 2023 incommodiore
854 1942 984 2022 habitu
1007 1945 1171 2048 corporis
1197 1941 1316 2022 subse·

233 2051 303 2148 dit,
338 2053 519 2134 continuo
540 2053 746 2134 stimulatur
774 2051 823 2130 ad
852 2053 1181 2161 consurgendum:
1212 2055 1320 2136 Hinc·

187 2237 197 2254 ,Ᾰ
234 2193 274 2248 2.
306 2164 518 2271 trepidavit,
546 2161 824 2272 festinavitsl).

152 2295 271 2382 2274.
303 2277 386 2376 {¹¹99
416 2279 544 2383 Vulgo
577 2275 741 2356 redditur
771 2271 951 2368 transitus,
984 2273 1041 2356 sed
1072 2301 1177 2383 prop.
1208 2277 1313 2354 laxa-

232 2411 417 2480 mentum,
431 2387 586 2484 laxatio,
606 2407 643 2467 et
660 2385 814 2498 quidem
827 2389 1051 2478 convivalis
1065 2413 1153 2468 cunr
1172 2389 1312 2488 laetitia
1384 2422 1392 2432 =
1475 2471 1477 2488 4

228 2500 444 2601 eonjnot‘la,
467 2501 554 2579 Deo
575 2499 651 2608 ipso
669 2500 923 2578 convivatore.
955 2497 959 2507 ’
982 2499 1026 2579 A
1047 2503 1257 2602 relaxation,
1288 2525 1312 2578 a

229 2607 445 2688 desiverance
459 2611 558 2718 srom
575 2613 721 2718 'slauerp
755 2607 829 2686 arrd
855 2607 1046 2712 oppreffiun,
1075 2608 1316 2711 accompani‘ed

227 2721 323 2797 with
337 2719 505 2830 fhafling,
536 2727 621 2832 repe,
651 2721 723 2800 and
737 2717 812 2826 joy.
875 2723 912 2796 A
940 2717 1112 2828 sequente
1132 2721 1215 2816 Πβὲἓ
1242 2717 1309 2828 (i).

72 2946 77 2964 ⁸
184 2934 231 3022 sb)
254 2931 321 3003 Hae¹
341 2959 417 3004 voce
444 2941 575 3038 pingitur
592 2941 678 3028 saepe
695 2961 803 3092 apmen
821 2940 900 3023 quod
917 2938 1055 3024 nusquam
1073 2855 1310 3032 affidatie21725c-
1474 3005 1477 3038 1

144 3025 269 3102 cumbis,
284 3026 435 3091 sedetiam
452 3029 480 3092 in
497 3027 616 3093 summis
631 3049 704 3092 nece
725 3027 844 3091 natibus
859 3025 1000 3090 adbibere
1016 3027 1134 3110 cogitur
1150 3023 1251 3118 ῙᾙΒΠ
1266 3027 1311 3088 in·
1371 3101 1375 3108 Χ

142 3115 351 3192 corratioueru,
373 3135 447 3197 quae
460 3116 505 3178 'est
520 3112 605 3178 simul
629 3112 759 3178 summae
781 3111 977 3176 sestinatiouis
992 3127 1021 3175 et
1036 3111 1246 3192 trepidationis
1260 3129 1309 3174 ar·

140 3215 333 3282 gumentum,
358 3201 416 3263 vid.
430 3199 522 3263 Dent.
540 3221 594 3262 xx.
608 3221 636 3282 3.
658 3220 689 3264 et
704 3199 756 3264 lsa.
775 3198 816 3262 lii.
837 3215 884 3260 ra.
911 3197 959 3261 ubi
975 3197 1073 3283 palam
1090 3195 1253 3260 attenditur
1270 3197 1308 3262 ad

140 3299 273 3350 veterem
291 3284 405 3350 exituro
420 3305 461 3348 ex
474 3285 623 3373 AEgypto.
649 3285 825 3351 Etiamnum
843 3283 874 3347 in
887 3282 1005 3348 oriente
1022 3299 1162 3346 catervae
1174 3281 1307 3368 peregri·

139 3386 279 3435 natorum
294 3369 488 3436 retentorem
503 3373 670 3458 sumpturae
685 3393 745 3436 nou
763 3370 895 3445 assident,
907 3376 966 3433 noir
985 3367 1180 3447 accumbunt,
1198 3367 1245 3434 sed
1259 3371 1307 3432 iu·

138 3473 264 3532 corrant,
288 3455 348 3520 srve
365 3455 466 3520 coxitn
483 3457 585 3520 sedent
600 3459 734 3544 genubus
750 3455 868 3543 plicatis
883 3454 969 3520 simui
990 3473 1021 3521 et
1039 3453 1252 3539 pendentibus,
1274 3469 1308 3518 ut

137 3559 324 3626 quantocyus
340 3541 551 3607 resestiuncula
570 3545 754 3628 expediatur.
798 3539 926 3624 Qrauto
941 3545 1023 3608 enirn
1042 3539 1091 3604 vel
1109 3541 1246 3606 infestior
1260 3541 1307 3604 lo·

137 3649 198 3703 cus,
219 3627 271 3690 vel
292 3627 414 3692 citatior
439 3628 586 3712 profectio
608 3630 797 3714 pestutum,
821 3633 1023 3694 tantominus
1046 3627 1190 3706 assidetur,
1213 3647 1306 3709 quum

135 3724 242 3810 corpur
257 3711 334 3809 'cibo
356 3712 549 3780 reficiendum
573 3713 620 3780 stt.
667 3718 714 3780 Ad
739 3736 854 3780 morem
880 3715 910 3781 iu
931 3713 1050 3809 oriente
1074 3711 1305 3798 receptitsunum

52 3845 55 3848 -
134 3799 300 3865 distrnsbus
322 3802 547 3883 percipiendum
569 3801 786 3886 praelucebunt
808 3801 898 3864 verba
911 3799 1042 3864 Pusbeni
1057 3797 1087 3862 iu
1103 3799 1196 3884 legat.
1211 3795 1305 3862 Ture.

135 3906 163 3970 p.
183 3885 252 3952 rob.
273 3883 381 3950 Coxim
400 3885 585 3949 subsedentes
601 3887 717 3967 bibunt,
732 3909 800 3952 nam
816 3907 845 3950 ut
862 3886 964 3950 bibere
980 3883 1048 3970 ipsis
1065 3902 1115 3948 aut
1133 3884 1247 3948 urinam
1263 3885 1306 3949 sa·

134 3991 204 4035 cere
221 3991 279 4034 non
297 3969 399 4054 liceat,
420 3971 466 4037 sed
481 3973 540 4035 boc
554 3971 666 4038 faciunt
680 3973 807 4039 demissis
821 3973 924 4046 coxis:
949 3989 1009 4036 tam
1027 3968 1167 4034 notabilis
1182 3971 1225 4035 est
1241 3973 1306 4036 usus

134 4056 216 4120 verbi
232 4054 340 4132 nostri,
362 4077 393 4124 et
413 4079 477 4125 mos
490 4059 636 4143 publicus,
659 4061 710 4144 qui
724 4057 815 4124 etiam
831 4059 908 4124 baud
920 4059 1008 4122 dubie
1020 4060 1101 4120 inter
1112 4057 1246 4143 Judaeos
1259 4057 1303 4122 ri·
1369 4071 1371 4078 '

132 4139 212 4228 guit,
234 4145 358 4232 egregie
384 4143 512 4208 illustrat
541 4147 620 4228 quod
646 4146 787 4210 hedenus
810 4141 966 4208 obscurum
991 4161 1040 4206 aut
1063 4146 1302 4224 controversum,

131 4245 242 4310 nempe
259 4249 317 4314 quo
333 4227 435 4295 babitu
451 4227 582 4294 Hebraei
599 4229 770 4318 AEgyptum
784 4229 926 4311 relicturi,
950 4249 1046 4295 utrum
1063 4227 1172 4294 ssantes
1186 4233 1235 4295 vel
1251 4249 1303 4295 ac-

132 4315 322 4392 cumbentes,
347 4315 454 4400 pascba
477 4319 685 4381 comederent.

172 4396 209 4480 (i)
233 4399 301 4460 Vox
316 4407 399 4473 ΠΒΒ
415 4401 542 4479 laxatio,
560 4399 620 4464 srve
637 4403 714 4468 attio
729 4401 863 4482 taxandi,
884 4419 917 4468 et
933 4399 1008 4477 W*
1023 4399 1144 4476 laxitas,
1160 4399 1221 4466 slve
1238 4398 1300 4484 sP²·

133 4477 210 4546 tium
224 4481 338 4549 laetum
361 4506 417 4570 per
431 4487 619 4552 laxationem
636 4487 834 4574 impetratum
850 4510 918 4555 curu
935 4487 1073 4552 omnium
1090 4489 1234 4554 bonarum
1249 4505 1301 4549 re·

1232 4587 1301 4636 turn
