2924 4832
319 193 586 292 L'tucurt
619 207 963 308 A'rtarrcrt,
1006 200 1094 302 &a
1216 193 1277 308 25⁸

197 410 316 529 Nihil
343 409 514 493 fortallrs
537 413 696 493 Arabes
717 415 771 494 ad
793 413 986 520 linguam
1009 409 1123 492 suam
1145 407 1275 491 excoss

143 531 305 618 leudam
331 535 464 641 magis
485 535 700 629 excitavit,
724 561 854 644 quam
878 535 1059 616 solennis
1081 531 1151 613 ille
1174 529 1274 639 pois’ss

142 679 275 739 tarum
293 677 545 751 conventus,
571 656 751 736 Arabice
765 649 867 728 blial
885 655 994 752 eij
1007 653 1095 770 fhult
1111 651 1152 766 al
1161 649 1290 758 oka'dh¹

23 779 25 846 ῗ
141 781 290 874 didus,
326 785 354 858 i.
377 807 408 857 e.
439 777 565 888 fortun
589 779 737 885 Ocadhi‚
773 779 848 859 ubi
879 777 1126 885 frequenter
1147 796 1274 885 quot·

23 923 27 974 t
139 905 257 982 annis
286 903 450 982 Arabes
482 922 792 994 convenerunt,
825 899 1072 1008 summique
1093 920 1273 980 conten-

138 1025 253 1104 tione
276 1026 330 1104 de
352 1021 521 1130 po'e'seos
542 1022 668 1101 laude
691 1021 925 1102 certirunt·
1216 1101 1217 1104 ,

115 1173 119 1183 ·
203 1145 460 1254 Aljubarius,
493 1169 516 1221 a
537 1141 755 1223 clariffimo
779 1145 870 1224 viro
894 1140 1104 1224 Pocockio
1124 1142 1273 1226 lauda·

139 1287 220 1363 tus,
253 1295 324 1346 eos
346 1267 577 1372 quotannis
600 1267 700 1345 illuc
730 1293 804 1372 per
826 1267 1011 1348 mensem
1039 1293 1278 1374 congrega·

141 1409 203 1467 tos
225 1387 363 1482 fuisse,
399 1389 472 1467 ubi
501 1414 587 1466 non
618 1385 752 1466 solunt
782 1389 1046 1468 commercia
1066 1390 1272 1496 agebant,

23 1547 25 1616 t
137 1509 204 1590 sed
229 1515 356 1590 etiam
380 1509 640 1589 carminibus
658 1509 886 1591 recitandis
908 1510 979 1591 alii
997 1510 1277 1620 alios-gloria·

23 1653 25 1718 l
137 1633 275 1711 bundi
293 1632 601 1744 provocabant,
626 1657 702 1709 nos
721 1631 919 1712 certiores
937 1631 1055 1713 facit.
1107 1632 1146 1712 Si
1164 1659 1276 1738 quae

134 1779 242 1854 ¹vero
264 1754 441 1834 caeteris
464 1749 781 1868 anteferrentur
802 1753 1014 1861 po'e'mata,
1047 1777 1071 1832 a
1101 1753 1277 1859 regibus

137 1877 253 1957 inter
275 1907 405 1970 teranto
428 1875 494 1955 lua
516 1873 667 1982 repo'ni
689 1901 736 1954 ac
750 1875 948 1982 'appendi
970 1873 1173 1956 solebant.
1224 1875 1276 1956 In
1340 1925 1343 1932 ·

137 1996 322 2078 Graecia
343 1998 491 2091 veteri,
517 1995 660 2076 nullus
681 1997 726 2075 in
750 1996 1120 2104 ludisuOlyntpicis
1143 1995 1278 2097 victor

137 2141 306 2202 tantam
329 2120 510 2226 gloriam
534 2115 611 2196 fibi
631 2142 915 2224 arrogaverat,
952 2119 1093 2200 nullus
1115 2119 1279 2201 Romae

134 2267 270 2322 curru
294 2239 544 2348 triumphali
568 2241 693 2318 tantis
718 2241 914 2322 laudibus
935 2240 1197 2350 Capitolium
1219 2241 1285 2321 as*
1328 2299 1331 2307 Α

135 2365 361 2458 tenderat,
396 2361 565 2469 quantis
596 2383 783 2442 oratores
812 2386 853 2442 et
883 2387 1034 2471 poetae
1055 2364 1100 2443 in
1124 2362 1282 2466 Arabia

134 2487 283 2567 Felice
300 2483 584 2564 concelebrati
603 2481 721 2564 fuere
742 2516 752 2563 t
785 2486 916 2592 Cujus
932 2483 1074 2592 gloriae
1093 2483 1277 2584 stimulo,
1378 2505 1379 2512 ’

23 2642 24 2662 1
133 2609 258 2688 velut
285 2607 435 2701 oestro,
471 2605 659 2713 perculsa
682 2607 872 2687 universa
894 2633 999 2712 gens
1020 2605 1210 2691 Arabum
1232 2607 1282 2689 in

133 2729 314 2836 linguae
338 2726 432 2806 suae
454 2729 640 2835 puritate
658 2749 700 2807 et
715 2728 862 2808 indole
879 2727 1157 2836 antiquilltmi
1176 2755 1281 2809 con·

132 2849 346 2932 servanda
367 2850 560 2929 certatim
584 2851 798 2930 acerrimis
820 2849 963 2931 studiis
985 2853 1265 2933 contendere.
1350 2922 1357 2935 ,

24 2967 25 2970 “
198 2972 418 3077 Denique,
461 2971 682 3078 quomodo
720 2959 873 3052 haecce
910 2975 1058 3080 lingua
1096 2999 1203 3080 pura
1238 2980 1284 3057 c't

24 3153 27 3183 1
132 3095 309 3200 integra
331 3091 576 3172 conservata
598 3092 662 3190 stt,
694 3121 779 3174 non
803 3095 961 3175 mirum
985 3094 1216 3189 videbitur,
1250 3095 1283 3178 fi

28 3278 37 3307 .,
132 3217 336 3295 ardorem
360 3235 403 3292 et
424 3239 569 3298 curam
593 3215 637 3294 in
660 3214 733 3321 sui
747 3215 895 3324 lingui
912 3215 1161 3322 incorrupti
1183 3244 1282 3324 pro·

23 3329 25 3336 ’
133 3333 691 3447 paganddconstdercmus·
737 3337 1047 3419 Mercatoribus
1069 3338 1184 3416 enim
1207 3363 1283 3444 pc·

662 3455 688 3506 ³*
723 3461 761 3540 D
1101 3460 1282 3566 regrinis

136 3597 162 3632 “
182 3591 279 3671 point
293 3595 412 3673 change
426 3592 469 3654 do
484 3606 568 3669 tout,
590 3595 651 3656 soit
665 3613 684 3652 a
699 3591 821 3674 l’egard
836 3591 890 3652 des
903 3603 1031 3664 tennes,
1051 3589 1112 3653 soit
1127 3611 1146 3650 a
1159 3591 1281 3674 l'egard

136 3679 161 3709 “
181 3673 239 3734 des
260 3677 387 3751 phrases
409 3688 443 3734 et
461 3674 503 3734 du
524 3690 599 3734 tour
615 3702 624 3743 ;
651 3676 723 3734 rien
738 3677 793 3752 n'y
807 3673 850 3732 est
864 3690 1006 3734 nouveau
1021 3673 1056 3732 ni
1071 3673 1172 3748 vieux,
1195 3673 1296 3748 nulle,

136 3759 161 3791 ⁴‘
181 3755 289 3812 bonne
305 3755 401 3834 faron
416 3755 455 3813 de
469 3754 577 3834 parler
590 3759 644 3815 n’a
659 3754 731 3816 celle'
748 3755 847 3814 d'etre
861 3773 902 3813 en
918 3751 1029 3813 credit.
1070 3755 1280 3816 L'Ateontrt

102 3855 107 3878 ¹
135 3839 161 3870 “
181 3853 244 3913 par
255 3835 398 3914 example
411 3836 453 3895 cst
468 3835 682 3912 aujourd’hui,
699 3856 819 3895 comme
832 3835 856 3894 il
871 3855 894 3914 y
908 3854 927 3892 a
939 3833 1024 3896 mille
1034 3853 1101 3912 ans,
1116 3835 1149 3894 le
1158 3833 1284 3896 modele

137 3919 163 3991 ‘.‘
184 3914 227 3974 de
242 3916 276 3974 la
289 3917 360 3996 plus
375 3935 464 3994 patre,
484 3917 555 3996 plus
570 3933 692 3992 courte,
714 3931 749 3976 et
768 3918 838 3996 plus
854 3916 1018 3994 eloquente
1034 3913 1283 3986 diction-atu

138 3999 166 4032 “
184 3995 256 4054 l'on
276 3997 338 4056 fait
357 3997 507 4057 reflexion
528 3998 580 4058 sur
601 3999 646 4058 les
661 3998 883 4058 inconveniens
897 3996 1000 4056 infinit
1016 3996 1069 4074 qui
1083 3993 1214 4055 naill‘ent
1228 3996 1285 4057 des

23 4155 24 4158 Ἴ
137 4081 164 4116 ‘⁴
186 4077 412 4156 changements
436 4081 531 4157 qu’on
555 4093 689 4158 appot-te
717 4082 786 4139 sans
809 4077 882 4137 cellia
905 4093 968 4136 anx
991 4075 1121 4156 languea
1143 4076 1286 4142 vitantes

23 4161 26 4220 l
138 4161 166 4192 ‘⁶
188 4155 269 4214 dant
288 4177 342 4217 nos
369 4161 449 4232 Pais,
474 4162 526 4220 sur
544 4173 617 4220 tout
636 4181 655 4220 a
674 4160 707 4219 la
726 4159 897 4238 Francoise,
922 4178 965 4217 on
989 4165 1138 4219 trouvera
1157 4176 1216 4236 que
1236 4177 1288 4218 ces

139 4239 170 4272 “
193 4237 318 4314 Peuples
332 4239 483 4300 d’Orient
501 4241 572 4300 sont
587 4242 654 4302 fort
669 4241 753 4322 sager
768 4255 802 4300 et
816 4240 882 4301 fort
896 4243 1049 4313 heureux,
1070 4237 1110 4298 de
1124 4239 1218 4297 s'itre
1233 4238 1286 4297 de'·

139 4320 169 4356 “
192 4313 286 4374 livre·
304 4317 379 4380 d'un
399 4317 422 4382 st
523 4319 798 4396 dineonvenient‚
819 4325 915 4402 qu’est
929 4318 1010 4383 celui
1025 4319 1068 4381 du
1083 4321 1288 4398 changement

138 4403 166 4436 “
188 4393 275 4456 dans
285 4397 317 4456 la
329 4403 418 4462 chose
456 4423 477 4463 u
491 4402 605 4462 monde
619 4405 651 4462 la
664 4404 735 4482 plus
750 4404 955 4489 importante,
971 4403 1027 4492 qui
1041 4401 1083 4464 est
1097 4399 1129 4464 la
1142 4391 1290 4480 parde-'i

23 4567 26 4598 Ι
136 4475 219 4587 yid.
239 4473 374 4546 Chardin.
394 4482 421 4543 V
420 4503 500 4567 oyag.
519 4497 586 4548 11111.
603 4487 658 4548 111.
675 4497 708 4566 p.
728 4500 795 4561 143.
1334 4499 1373 4570 d
