2924 4832
26 4439 30 4490 't

172 179 234 297 '48
448 181 508 266 De
542 133 773 292 Antiquitatc
804 209 839 270 et
869 189 1047 292 Utilitate

117 489 120 501 Ι
236 382 403 497 Lingua
422 416 522 469 rero
543 393 723 472 ArabIca
746 420 832 472 non
853 417 1020 476 tantum
1045 391 1218 476 venusta
1239 396 1311 494 est,

171 507 241 591 sed
275 511 364 617 ejus
400 494 559 592 notitia
588 513 828 605 unliffima;
861 519 1105 622 anrplit'iima
1128 547 1240 598 emm
1267 523 1313 598 in

171 637 290 716 omni
310 633 527 724 literarum
544 664 700 742 genere
717 641 1006 718 emolumenta
1026 642 1068 718 in
1091 643 1312 746 praemium

170 753 328 836 laboris
349 753 606 837 discentibus
632 764 851 865 proponit.
913 763 971 840 De
996 763 1136 867 priscis
1160 767 1310 842 Arabi·

169 877 376 984 bus,·qni
409 901 509 958 aute
543 881 854 960 Mobanrnedis
889 905 1082 990 tempora
1111 911 1196 963 nou
1223 883 1311 978 fine
1433 937 1435 940 -

167 997 305 1082 multi
325 1027 422 1080 curn
458 1003 619 1108 ingenii
656 1027 745 1084 tum
771 1005 989 1086 doetrinae
1010 1008 1135 1086 laude
1156 1007 1313 1094 florue-

164 1145 279 1228 rant,
322 1124 414 1230 jam
451 1123 653 1203 diximus.
722 1127 937 1234 Tempore
978 1129 1311 1223 MobammediS,

167 1271 440 1352 quatuorque
462 1249 549 1354 ejus
574 1243 848 1328 t'uecefforum
872 1246 946 1355 qui
972 1251 1090 1328 illurn
1119 1248 1312 1355 proxime

166 1367 314 1462 secuti,
351 1391 483 1446 marte
506 1369 789 1472 obstrepente,
823 1372 1203 1480 iuperstitioneque
1227 1371 1311 1452 fer-

50 1580 52 1589 ,
166 1511 311 1584 vente,
346 1488 474 1569 musis
497 1492 566 1568 virt
590 1489 707 1570 fuiffe
729 1490 870 1570 locum
896 1490 1117 1573 fatendum
1142 1493 1214 1572 est.

229 1613 309 1692 Sed
333 1609 567 1694 Abbaffidis
590 1614 643 1690 ad
668 1611 913 1694 ebalifatum
938 1615 1104 1709 evectis,
1139 1614 1310 1698 Cbalifae

165 1734 394 1818 Almansur
421 1756 461 1816 et
487 1736 733 1830 Almamun,
773 1736 1015 1843 complures
1037 1765 1089 1818 ex
1112 1739 1339 1844 dometii·-

165 1857 226 1939 cis
248 1857 342 1951 suis,
379 1858 547 1964 ingenti
583 1857 763 1963 pecunii
794 1859 1029 1964 instructos,
1067 1889 1141 1968 per
1163 1860 1310 1940 omnia
1446 1847 1447 1872 ³

163 1982 248 2096 ,Mi
275 1983 385 2088 gabba
423 1980 593 2061 Mowcdr'
622 1979 775 2076 al-ilm,
817 1981 845 2062 i.
880 2010 920 2061 e.
959 1981 1035 2062 loca
1054 1981 1309 2092 scientiarum,

166 2101 235 2214 (ut
257 2102 602 2212 Abulpharagius
625 2101 853 2214 loquitur),
898 2105 1060 2209 Syriam
1088 2107 1308 2200 nimirum,

162 2227 431 2316 Armeniam,
471 2222 668 2316 Perfiam,
710 2225 949 2320 Graeciam,
983 2250 1024 2306 et
1058 2225 1309 2332 AEgyptum,

166 2346 434 2438 dimiserunt,
468 2347 542 2452 qui
565 2337 785 2453 scriptores
808 2347 1016 2443 laudatos,
1040 2349 1310 2430 cruditionis·

167 2499 250 2581 que
285 2467 396 2549 fami
427 2467 624 2574 inclytos,
660 2469 780 2548 omui
813 2469 951 2548 studio
984 2470 1309 2577 conquirerent,
1385 2514 1389 2522 ·

164 2593 392 2706 pretioque
445 2590 721 2696 quantumvis
773 2617 932 2698 magno
974 2617 1309 2700 compararent:

165 2713 387 2822 Copiiqne
420 2712 626 2792 librorum
664 2711 817 2817 magnit
846 2713 1033 2804 collecti,
1070 2739 1139 2792 eos
1161 2714 1203 2794 in
1229 2716 1312 2793 lin·

164 2865 295 2946 guam
321 2837 545 2916 Arabicam
572 2837 799 2914 vertendos
821 2834 900 2916 eise
922 2835 1142 2917 entirunt.
1205 2837 1304 2920 Vid.

169 2959 278 3042 Dm.
305 2961 419 3040 Hunc.
446 2961 550 3035 Orat.
575 2959 618 3036 de
638 2958 745 3064 Lirrg.
773 2947 899 3040 Arub·
931 2956 1011 3070 (p).

156 3069 170 3132 ἶ
230 3079 529 3189 Apudoouos
551 3081 592 3159 in
618 3077 801 3159 coniess'o
826 3083 896 3173 est,
921 3082 1025 3160 nibil
1050 3081 1091 3160 in
1113 3053 1310 3161 universi
1415 3143 1421 3152 .

166 3231 311 3288 rerum
347 3201 498 3292 naturffa
530 3203 581 3281 ad
613 3202 1009 3295 reram-Hebraisnri
1035 3203 1185 3284 Bibiici
1208 3231 1309 3310 cog·

166 3329 380 3413 uitionem
404 3325 535 3432 magis
557 3320 797 3419 contulisse,
837 3351 967 3431 quam
998 3327 1183 3432 ejusdem
1208 3352 1307 3405 cum

434 3457 438 3466 '
1107 3447 1304 3543 Arabici,

211 3631 269 3731 (p)
299 3637 324 3669 “
343 3631 391 3692 Sic
408 3633 491 3692 enim
508 3631 632 3703 habete,
658 3629 777 3712 (inquit
792 3629 839 3689 CI.
857 3627 1038 3722 Erpcnius),
1060 3627 1245 3689 transtuliffe
1259 3650 1314 3692 eos

170 3720 196 3754 ‘⁴
215 3735 251 3776 m
265 3716 350 3774 suum
364 3714 533 3772 sermonem
545 3713 715 3772 nobiliores
728 3731 833 3770 omnes
845 3729 999 3788 veterum,
1015 3733 1078 3772 non
1091 3712 1312 3792 AEgyptiorum

170 3802 197 3834 “
218 3809 353 3868 tantum,
378 3795 547 3867 Persarum,
571 3808 603 3854 et
625 3793 865 3867 Chaldaeorum,
890 3795 958 3874 (qni
974 3794 1145 3874 sapientiae
1161 3793 1261 3852 omnis
1277 3809 1313 3856 et

117 3869 124 3876 ¹
169 3875 361 3938 “scientiae
385 3875 480 3955 primi
504 3876 714 3953 perhibentur
738 3871 909 3954 auctores),
940 3875 991 3934 sed
1013 3889 1046 3934 et
1065 3878 1256 3934 Graecorum
1278 3890 1314 3936 et

168 3965 195 4003 “
216 3957 514 4054 Latinorun14quae
533 3960 623 4016 cansa
643 3975 765 4035 quoque
786 3955 840 4030 est,
862 3971 1023 4016 uteorum
1040 3957 1187 4014 beneficio
1203 3955 1312 4014 hodie-

167 4047 193 4080 “
214 4061 274 4120 que
290 4039 419 4099 Arabite
435 4039 556 4097 exstant
577 4038 743 4096 innumera
759 4037 884 4096 illarum
901 4037 1065 4096 nationum
1083 4037 1209 4113 scripta,
1230 4057 1310 4115 quae

166 4127 193 4162 “
213 4122 297 4200 apud
321 4121 401 4200 ipsos
426 4133 602 4198 temporum
622 4119 739 4197 injurii
759 4131 792 4178 ct
815 4117 976 4178 bominum
997 4117 1118 4176 incurii
1136 4121 1312 4196 perierant,

167 4211 192 4243 “
213 4201 296 4284 quod
310 4217 348 4262 nt
364 4222 426 4260 uno
443 4213 475 4259 et
491 4203 591 4260 altero
607 4201 750 4279 exemplo
767 4201 941 4259 continuem
962 4222 970 4258 t
1003 4199 1133 4272 Scitote,
1154 4197 1237 4256 ciros
1252 4201 1313 4264 fide

167 4289 193 4324 “
213 4283 399 4380 digniffimos
415 4285 592 4362 perbibere,
609 4299 715 4342 omnes
731 4277 814 4360 apud
826 4300 877 4340 eos
894 4279 1013 4338 exstare
1024 4279 1094 4338 Titi
1107 4279 1187 4338 Livii
1203 4279 1312 4360 libros,

169 4371 193 4404 '‘
214 4381 309 4427 ettam
320 4385 383 4439 eos,
396 4366 535 4444 inquam,
553 4383 684 4442 quorum
691 4365 848 4442 jacturam
859 4375 946 4424 totus
957 4361 1045 4425 dolet
1053 4361 1137 4424 orbis
1148 4361 1315 4448 Latinus:

164 4447 243 4510 vid.
260 4449 367 4546 ersten.
384 4445 467 4508 Orat.
483 4446 517 4510 dt
531 4445 619 4531 Ling.
636 4443 728 4512 Arab.
