2924 4832
188 217 268 306 avt
381 215 1193 322 ruurarro„

195 433 228 472 ‘¹
262 422 479 520 dicautur,
513 451 622 530 quae
650 451 775 506 nemo
797 447 939 504 tamen
964 428 1084 504 lanus
1108 425 1161 502 ob
1176 422 1226 503 'id
1250 431 1332 503 ue²

189 555 219 596 ‘⁸
251 544 700 654 gligendajudicabit,
733 545 809 628 nifi
831 551 905 653 qni
931 551 1135 654 pastorem
1160 544 1331 624 rullieis

186 677 218 775 .“
249 666 422 774 scientis
442 691 484 746 et
505 668 699 760 doctrina
722 697 866 776 parem
891 669 1073 750 vuluerit
1094 665 1168 750 *.’'
1234 701 1238 710 ·
1371 680 1376 693 '

250 789 396 885 Potr0,
439 791 598 872 utilitas
631 814 673 872 et
709 789 918 872 necessitas·
951 791 1209 898 cognitionis
1243 793 1332 873 lin·

186 937 299 1019 guae
335 912 551 992 Hebraeae
588 936 778 1020 apparet,
829 914 929 1018 quia
969 915 1140 994 Novom
1185 916 1330 994 'sesta·
1437 976 1439 978 -

184 1053 398 1127 mentum,
433 1031 510 1118 nist
543 1061 566 1114 a
597 1036 770 1141 linguar
794 1036 1007 1115 Hebraeae
1044 1038 1197 1144 perito,
1234 1063 1327 1116 uon

184 1151 297 1238 bene
318 1156 502 1263 intelligi
526 1154 639 1264 polstt
662 1191 673 1251 3
709 1185 807 1237 narn
839 1157 1060 1264 scriptores
1076 1162 1193 1238 ¹Nori
1220 1159 1330 1238 Foe-
1448 1187 1449 1194 ¹

182 1276 298 1368 detis
328 1277 372 1357 in
398 1279 564 1362 Graeco
585 1279 675 1358 stilo
708 1307 793 1386 quo
818 1277 875 1358 uss
901 1281 1010 1370 sunt,
1048 1283 1228 1360 multum
1255 1285 1330 1359 lte·-

183 1398 388 1484 braisant.
431 1401 486 1480 Et
506 1398 761 1508 gravissimae
786 1401 929 1480 caulae
954 1401 1068 1494 suot,
1103 1430 1179 1481 ctu·
1202 1402 1329 1480 aliter

183 1517 324 1602 facere
348 1545 427 1603 nec
449 1520 625 1629 potuisse
650 1547 728 1602 nec
751 1519 937 1602 debuisse
959 1519 1207 1609 ostendant:
1240 1523 1352 1601 Hes'

182 1639 300 1728 braei
322 1644 437 1730 enirn
460 1665 583 1724 erant
606 1645 795 1738 natione,
830 1647 945 1722 uncle
968 1643 1060 1726 fieri
1083 1671 1168 1722 uon
1203 1665 1325 1749 pote·
1429 1705 1432 1712 .

13 1749 15 1756 ’
136 1837 156 1872 ¹.
183 1787 266 1860 rat,
300 1765 407 1872 quin
438 1765 522 1846 illis
550 1766 804 1847 vernaculae
833 1765 1006 1870 linguae
1029 1765 1226 1846 idiotiliui
1251 1767 1327 1844 ad'·

182 1883 412 1972 haererent
434 1917 454 1972 t⁴
486 1889 811 1998 Hebraeamque
843 1887 1110 1995 scripturam,
1151 1888 1326 1996 ejusque

183 2008 389 2092 Graecam
410 2011 659 2102 versronenr,
685 2031 795 2120 quae
813 2009 1067 2090 Hebraitmis
1090 2011 1242 2090 resecta
1266 2011 1326 2090 est

142 2213 144 2220 Α
182 2151 289 2225 tota,
319 2129 582 2243 leslitabant.
631 2133 891 2225 Accedebat,
912 2133 1029 2239 qood
1053 2159 1122 2212 eos
1144 2132 1326 2236 italscri«
1397 2234 1402 2249 k

182 2251 286 2340 bere
318 2253 572 2363 oportuerit,
614 2275 663 2334 ut
697 2255 881 2362 ipsorum
917 2253 1090 2334 leslores
1123 2257 1176 2335 ad
1211 2253 1357 2334 evol«-

1125 2431 1127 2434 -
1182 2375 1324 2460 venda

223 2539 243 2578 ·
275 2541 299 2573 ‘r
320 2539 393 2598 uon
405 2535 479 2612 aare
493 2535 654 2614 exspem
681 2533 801 2618 (inqut
821 2517 1168 2615 deosculaturus)
1192 2537 1222 2595 re
1243 2535 1325 2596 vene

184 2611 211 2655 ‘²
230 2631 353 2678 tanturn
364 2618 501 2696 pastores
512 2617 680 2676 rusticanos
696 2617 774 2675 fieri.
807 2619 853 2676 Ad
866 2616 949 2696 quod
958 2617 1058 2696 igitur
1068 2617 1123 2680 fibi
1134 2613 1190 2676 illa
1200 2619 1323 2696 linguas
1380 2633 1383 2642 ’

185 2703 211 2736 “
231 2719 299 2758 rum
315 2701 470 2760 sacratum
486 2697 597 2772 studia,
615 2696 735 2757 rusticis
751 2699 799 2756 uti
820 2719 857 2758 ue
873 2698 1047 2776 profitenda
1065 2700 1076 2768 i
1109 2701 1196 2780 Quos
1208 2717 1282 2757 vero
1297 2699 1325 2757 i-

184 2782 210 2817 “
231 2779 301 2838 dem
317 2780 366 2839 vir
380 2780 490 2840 dostus
504 2778 620 2838 acriter
636 2799 693 2856 pro
710 2718 864 2838 morcqsuo
880 2779 1014 2856 excepit,
1038 2779 1141 2838 eidem
1154 2781 1247 2858 operi
1259 2779 1323 2852 illi,

184 2863 210 2900 “
230 2862 323 2918 boves
342 2861 376 2920 e't
396 2861 408 2919 i
452 2875 543 2920 avum
565 2865 664 2938 pecus
680 2861 782 2933 citius,
809 2879 900 2938 quam
924 2861 1058 2938 pastores
1082 2861 1196 2932 futuri,
1223 2861 1322 2918 omni-

184 2945 210 2978 “
230 2941 286 3001 bus
305 2941 388 3000 liber
420 2941 488 3000 rbus
508 2939 616 2999 studiis
638 2955 671 3000 et
686 2941 806 3019 logicae
821 2954 853 2999 et
868 2941 1108 3018 metaplrysrcae,
1131 2940 1246 3018 ipsique
1261 2939 1324 2998 lin·

181 3025 208 3063 “
228 3042 307 3102 guae
323 3023 454 3095 Latinae
478 3020 576 3103 (quod
591 3037 623 3080 et
636 3025 706 3101 -J'ant
723 3023 862 3098 proximi
878 3021 1087 3108 exspetstatur)
1111 3023 1258 3080 nuncium
1275 3039 1322 3078 re-

182 3110 208 3143 “
228 3103 356 3164 mittere
371 3101 501 3182 pollent,
523 3121 591 3160 curn
612 3117 646 3164 et
666 3105 700 3161 eti
720 3123 784 3162 uon
805 3103 903 3183 magis
925 3101 1009 3182 apud
1029 3103 1157 3166 rusticos
1177 3103 1244 3160 suos
1265 3099 1324 3178 sint

182 3190 208 3226 “
229 3181 401 3264 professuri.
434 3187 479 3244 Ex
493 3185 548 3242 hic
559 3185 625 3260 jarp
641 3205 716 3248 vero
732 3183 934 3261 deploranda,
956 3185 1052 3252 intuto
1067 3181 1256 3256 detestandi,
1277 3182 1322 3263 ig·

182 3287 207 3322 “
227 3281 337 3341 naviae
353 3293 518 3353 προφαστει,
538 3277 611 3354 utli
626 3280 702 3358 quid
716 3293 844 3340 tentent
860 3279 968 3357 aliqui,
989 3278 1070 3350 nihil
1087 3277 1222 3348 atrocius
1237 3281 1324 3335 cave-

71 3377 76 3388 ‘
181 3376 208 3410 ‘¹
228 3373 301 3443 ant,
316 3391 409 3449 quam
430 3370 570 3430 neultra
584 3367 698 3427 radicis
713 3367 982 3446 investigationem
997 3375 1202 3443 promoveant
1218 3363 1321 3444 pigri':

180 3458 207 3493 “
228 3455 309 3514 Nam
325 3473 381 3512 nec
396 3449 586 3532 praepofitos
598 3451 676 3522 suos,
693 3463 749 3510 aut
764 3447 1053 3526 superintendentes
1065 3465 1179 3530 magnos
1191 3443 1323 3520 doctores,
1424 3479 1425 3484 κ

92 3523 94 3528 ’
182 3538 208 3571 “
229 3533 397 3618 aliquando
419 3535 511 3612 plura
532 3528 668 3618 didicisse
691 3527 811 3603 dicunt,
843 3528 947 3606 quales
968 3525 1024 3605 ipsi
1050 3528 1102 3586 vix
1128 3525 1229 3583 futuri
1253 3523 1320 3616 sint}

182 3619 208 3652 “
230 3617 275 3672 Ut
297 3613 425 3674 interint
447 3633 522 3672 vero
543 3611 683 3670 videmus
705 3609 832 3668 subinde
853 3609 930 3668 tales
946 3611 1041 3668 socios
1057 3622 1090 3668 et
1105 3607 1220 3665 fratres
1234 3607 1338 3686 iguo,

183 3699 208 3732 “
229 3693 364 3767 tantiae,
386 3713 488 3754 meros
510 3683 729 3771 postillatores,
750 3689 803 3750 vix
823 3692 930 3749 literas
946 3691 1103 3762 Hebraeas
1119 3687 1190 3746 satis
1205 3685 1323 3762 doctos,
1447 3697 1449 3702 '

133 3801 136 3808 ⁴
182 3781 208 3818 “
227 3775 433 3834 nihilominus
451 3776 605 3854 supremas
627 3773 741 3832 deinde
762 3771 906 3856 affestare
922 3774 1055 3850 quasque
1071 3769 1252 3850 dignitates,
1280 3767 1320 3850 et',

182 3862 209 3894 “
229 3854 311 3936 quod
323 3855 345 3914 fi
356 3857 452 3915 etiarn
468 3855 660 3934 theologicas
676 3851 842 3932 aliquando
857 3850 1069 3932 professiones,
1086 3849 1140 3932 qui
1155 3847 1233 3906 alios
1248 3851 1322 3906 tune
1418 3901 1423 3908 ,

181 3941 207 3976 “
227 3937 360 3997 meliora
375 3937 494 4011 tlot‘tos,
519 3935 661 3995 omnibus
676 3947 825 4011 premunt
839 3932 950 4005 modis,
975 3931 1014 3992 ni
1029 3932 1104 4006 suit,
1122 3929 1175 4009 qui
1190 3928 1271 4005 ipsos
1286 3925 1321 4020 de

182 4024 209 4056 “
228 4018 409 4096 inperitiae
423 4017 607 4098 'professioue
628 4015 777 4092 dejecturi
792 4026 985 4089 metuantur,
1011 4023 1065 4074 ur.
1091 4012 1169 4072 Μ’
1266 4063 1271 4072 .
1375 4037 1379 4059 ι
1448 4027 1449 4036 ’

220 4103 244 4136 “
266 4102 330 4181 Qui
350 4121 425 4159 vero
446 4119 511 4160 uon
533 4110 649 4157 navant
671 4097 789 4186 (inquit
804 4095 886 4169 doci.
905 4091 1098 4174 Perizonius)
1122 4109 1248 4170 operam
1263 4092 1320 4152 lin-

182 4185 207 4220 “
227 4181 296 4262 guia
312 4182 487 4256 Hebraeae,
504 4184 655 4252 Graecae,
670 4191 703 4238 et
721 4177 862 4250 Latinae,
879 4175 1068 4255 caeterisque
1085 4173 1232 4246 scientiis,
1249 4168 1322 4251 quase
1441 4211 1449 4224 μ

181 4267 207 4301 “
227 4259 410 4324 necessariae
425 4263 497 4322 sunt
512 4261 552 4322 ad
566 4259 740 4340 pleniorem
756 4257 1086 4318 sacrarumliterarum
1103 4255 1320 4336 cognitionem,

181 4347 207 4384 “
227 4363 291 4402 non
307 4343 458 4424 theologi,
475 4343 526 4402 sed
541 4341 737 4423 mataiologi,
754 4345 788 4410 et
802 4340 973 4418 vaniloqui,
991 4339 1088 4413 scioli,
1112 4337 1165 4415 qui
1181 4334 1326 4407 derebus,

181 4430 207 4474 t‘
227 4425 319 4485 sacris
333 4425 456 4506 garrire
471 4417 593 4505 polline,
609 4422 671 4485 sure
687 4422 910 4504 intelligentiis,
927 4421 1031 4498 quales
1045 4421 1157 4478 Paulus
1167 4416 1325 4512 describit,
1428 4399 1448 4474 ἵ]

178 4511 206 4592 [⁸
228 4525 242 4574 t
260 4504 346 4570 Tim.
364 4521 428 4591 cap.
444 4507 467 4570 i.
485 4528 546 4571 ver.
566 4523 595 4589 5,
612 4505 644 4590 6,
663 4521 690 4584 7.
712 4517 747 4571 et
762 4517 826 4592 rap.
841 4503 886 4592 ri·
903 4524 964 4588 νεῖ·
984 4521 1012 4582 3,
1030 4519 1059 4606 lp
1077 4499 1132 4584 53}
