2924 4832
96 215 1190 359 ‘litarent-*arro

218 493 384 588 caetera
402 470 652 566 dorliffimis,
678 471 744 555 sed
765 477 980 559 Hebraeae
996 477 1188 586 linguae,
1213 467 1393 588 paucis'

218 598 421 706 exceptis,
446 597 620 704 ignaris,
643 601 938 681 observantur:
973 604 1095 684 Unde
1113 605 1379 686 clarillirnns

217 723 502 828 Hortingerus
533 725 801 828 pronuntiat,
848 739 874 772 ⁸⁸
909 727 1007 802 Non
1043 755 1088 806 ea
1121 729 1377 822 Hebraeae,

222 853 255 894 ⁶¹
288 871 396 950 quae
419 843 681 950 reliquarum
705 845 966 952 linguarum,
991 849 1045 926 est
1072 851 1194 928 ratio.
1241 851 1380 931 Illam

221 977 251 1018 ‘⁸
284 969 356 1075 qui
379 967 514 1054 novit,
537 967 689 1046 multas
706 995 756 1046 eo
774 970 862 1075 ipl‘o
877 996 941 1048 res
958 969 1161 1049 obstrusas
1181 975 1303 1051 novit
1329 993 1379 1052 et

219 1207 578 1320 interpretatione
602 1211 725 1319 hujus
743 1212 915 1318 linguae
941 1213 1149 1294 nece'llitas
1168 1237 1373 1322 apparet,

222 1337 289 1418 sed
308 1335 435 1416 etiarn
455 1335 500 1414 in
521 1331 696 1413 veritate
711 1333 983 1414 defendendi
1001 1366 1045 1416 ac
1064 1339 1369 1444 propagandi,

221 1459 319 1540 cnm
345 1458 489 1564 prirnis
512 1453 708 1536 adversus
731 1457 932 1564 JudaeoS,
966 1458 1097 1537 hostes
1121 1460 1220 1540 fidei
1241 1462 1373 1540 Chri·

220 1583 377 1664 liianae
399 1577 704 1668 int'enfiffirnos,
730 1603 838 1685 quos
857 1607 980 1658 nemo
1000 1579 1119 1659 tacile
1138 1583 1262 1688 hujus
1284 1584 1372 1660 lin·

221 1733 333 1812 guae
366 1703 484 1783 rudis
520 1723 593 1780 aut
624 1727 818 1800 errorum
853 1700 985 1807 probe
1007 1707 1253 1796 convicerit,
1293 1733 1375 1783 ne-

223 1825 329 1907 dum
368 1826 418 1906 ad
453 1823 564 1904 l'acra
594 1823 830 1904 Christiana
867 1827 1140 1904 converterit.
1208 1825 1373 1906 Nullus

214 1945 338 2030 'eninr
373 1949 620 2052 linguarum
656 1947 772 2061 rudis
811 1946 1064 2026 descendere
1102 1975 1199 2026 cum
1239 1948 1370 2030 totto

223 2053 402 2182 Papistt,
438 2069 599 2148 nedum
633 2094 678 2145 os
715 2071 916 2148 obturare
950 2070 1186 2150 adversario·
1226 2071 1364 2178 pollit,

223 2199 230 2210 '
604 2208 607 2216 '
1248 2199 1372 2298 quod

264 2359 283 2396 ³
305 2355 335 2414 Si
357 2351 425 2432 quis
446 2371 522 2411 vero
542 2349 722 2412 historicum
745 2351 907 2432 antiquum
930 2373 999 2411 cum
1016 2350 1121 2411 fiune
1136 2353 1297 2430 perlegere
1313 2376 1367 2416 vo.

221 2431 333 2511 luerit,
357 2452 470 2508 mores,
491 2433 583 2506 ritus,
604 2453 639 2492 ac
661 2433 804 2493 instituta
825 2437 929 2516 gentis
948 2431 1033 2493 illius
1055 2431 1134 2491 noss'e
1155 2433 1268 2503 debet;
1293 2435 1368 2498 dnm

224 2521 275 2578 vel
289 2517 396 2597 paucis
410 2513 512 2573 verbis
527 2533 645 2573 rnorem
662 2515 837 2594 attingunt,
858 2517 909 2576 vel
926 2515 966 2574 ad
986 2535 1055 2574 eum
1078 2515 1258 2592 respiciunt.
1273 2581 1280 2596 ἱ
1300 2519 1368 2578 Hoc

224 2597 357 2662 maximi
375 2597 477 2656 locum
499 2596 593 2654 ltabet
615 2597 649 2654 in
671 2597 823 2672 scripturi
843 2597 935 2670 sacri,
963 2596 1017 2654 ubi
1038 2616 1128 2654 nemo
1150 2595 1271 2654 felicem
1296 2614 1368 2679 aget

224 2683 443 2760 interpretem,
465 2675 522 2736 nifi
535 2675 650 2736 notitii
667 2677 866 2754 antiquorum
882 2678 998 2737 rituum
1021 2691 1055 2736 et
1074 2677 1287 2736 irrstitntonmr
1306 2683 1367 2742 He-

216 2765 390 2824 ·lrraeorum
405 2757 571 2818 inihucins
582 2755 700 2826 fuerit;
722 2773 799 2837 quot
814 2760 980 2838 parabolae
996 2771 1028 2818 et
1043 2755 1165 2831 fimilia,
1181 2773 1259 2837 quot
1273 2765 1365 2838 phra.

225 2847 271 2906 ses
289 2856 324 2904 et
344 2839 494 2921 loquendi
515 2838 681 2914 formulae,
702 2859 720 2898 a
785 2843 851 2916 puli
872 2839 956 2899 illius
970 2839 1088 2898 ritibus
1106 2839 1295 2917 desumptae,
1322 2845 1366 2905 ibi

224 2927 427 3005 reperiuntur
442 2921 469 2980 ,θ’
534 2921 541 2935 ’
572 2921 662 2980 norit
677 2921 731 2998 qui
767 2919 821 2980 fibi
837 2923 915 2980 velit
930 2921 1079 2998 parabola
1094 2919 1133 2980 de
1149 2926 1178 2982 X
1197 2922 1363 3002 virginibtu

215 3009 394 3071 adventum
410 3005 464 3082 spo
523 3001 783 3080 exspediantibus,
806 3006 921 3062 Matth.
937 3005 1034 3062 xxv.i
1068 3001 1153 3084 Quid
1167 3001 1205 3061 stt
1220 3001 1274 3062 ess'e
1289 3008 1363 3068 arni·

199 3081 201 3091 '
226 3112 296 3150 oum
313 3085 420 3166 sponsi,
447 3084 570 3164 qualem
586 3084 615 3141 se
625 3088 760 3164 Joannes
774 3083 911 3162 Baptista
925 3085 1080 3157 nominat,
1101 3083 1156 3141 nist
1172 3086 1359 3164 perspetiuni

225 3172 341 3234 habeat
349 3169 445 3227 ritum
457 3165 633 3244 nuptialem
644 3165 867 3236 Hebraeorum,
885 3165 937 3244 qui
953 3166 1060 3244 sponso
1070 3167 1201 3256 Juvenes
1211 3167 1361 3244 quosdam,

215 3254 353 3334 sponsae
364 3247 510 3328 virginet,
526 3245 752 3327 adjungebant,
768 3261 803 3304 ut
818 3245 888 3324 ipsas
900 3247 1019 3324 praesto
1030 3245 1136 3318 client,
1153 3248 1261 3326 eosque
1272 3252 1361 3312 eomi-

227 3331 396 3399 tarenturi
419 3331 514 3406 Cujus
524 3328 571 3386 rei
586 3329 761 3406 exempltun
773 3329 826 3400 est,
843 3327 1044 3406 Jnd.xiv.1t.
1062 3329 1106 3386 Ps.
1115 3329 1177 3386 xlv.
1195 3348 1239 3402 ¹4·
1256 3347 1287 3401 15
1313 3334 1356 3393 16.

227 3425 263 3482 In
283 3413 411 3475 historie
429 3411 514 3470 vitae
534 3410 662 3484 christi,
693 3409 733 3468 ab
751 3409 946 3488 evangelistis
966 3407 1129 3485 descripti,
1152 3409 1255 3470 multa
1274 3413 1359 3490 hujus

226 3498 350 3582 generis
362 3505 542 3564 occurrunt,
559 3512 583 3549 e.
591 3512 625 3570 g.
642 3490 681 3550 de
696 3491 812 3568 piscini
829 3489 1008 3564 Bethesdae,
1024 3488 1063 3548 de
1079 3489 1269 3566 sadducaeis,
1286 3492 1355 3554 Pha·

226 3578 344 3650 risaeis,
372 3573 558 3646 Publicanis,
584 3572 798 3643 samaritanis,
819 3570 858 3629 de
874 3571 1056 3644 lotionibus,
1079 3571 1144 3629 ritu
1160 3573 1353 3650 precantium,

153 3692 155 3695 ·
227 3664 282 3724 ἃς.
314 3677 392 3737 quae
418 3650 508 3715 unice
532 3655 632 3712 lucem
657 3673 696 3711 ex
715 3652 956 3731 antiquitatibus
971 3651 1108 3732 judaicis
1134 3665 1354 3713 mutuanttn...

224 3739 384 3820 ...Quia
409 3735 568 3814 epistolam
594 3733 635 3794 ad
660 3735 820 3794 Hebraeos
854 3735 947 3814 (quae
973 3735 1054 3793 nihil
1081 3731 1167 3791 aliud
1193 3733 1242 3808 est,
1269 3745 1352 3814 quarn

210 3823 316 3901 -ipstus
333 3817 463 3896 Spiritits
480 3816 585 3876 Sancti
600 3817 841 3875 commentarius
861 3817 895 3874 in
911 3815 1095 3887 Leviticum,
1116 3835 1221 3874 verum
1239 3817 1351 3893 pontili-

225 3927 303 3977 cem,
328 3919 498 3978 verumque
518 3897 711 3970 sacrificium,
738 3895 913 3975 ostendens)
941 3898 1002 3956 rite
1018 3895 1188 3976 intelliget,
1207 3895 1258 3956 nist
1271 3919 1348 3958 accu-

224 3985 293 4045 rati
314 3981 499 4053 Leviticum,
531 3993 625 4056 atque
644 3979 678 4037 in
697 3999 735 4038 eo
756 3979 836 4038 ritus
857 3978 1061 4050 sacerdotum,
1088 3977 1351 4054 recentiorum

223 4067 416 4146 reliquarum
432 4061 693 4134 ceremoniarum,
714 4061 896 4141 cognoverit
914 4062 923 4120 i
957 4057 1042 4142 Quid
1057 4058 1096 4117 de
1110 4059 1186 4118 locis
1199 4063 1346 4138 propbeta·

223 4169 294 4208 rnrn
316 4157 444 4204 toreama
466 4141 645 4214 dicendum,
668 4141 803 4221 adquae
819 4140 996 4216 reseranda,
1018 4141 1107 4212 nulla
1131 4155 1246 4219 praeter
1271 4144 1344 4202 anti·

207 4227 355 4310 ‚quitatis
374 4239 407 4284 et
425 4223 574 4283 historiae
595 4223 743 4284 notitiam
770 4223 864 4283 clavis
885 4223 980 4284 datur
998 4223 1008 4280 l
1042 4222 1178 4300 Plurima
1192 4224 1274 4282 etiam
1291 4229 1343 4284 Ve-

205 4311 303 4372 teris
322 4307 515 4370 Testamenti
540 4305 669 4366 oracula
691 4320 724 4366 et
743 4306 894 4366 vaticinia
917 4305 950 4363 in
971 4307 1060 4364 Novo
1081 4304 1265 4364 Testamento
1282 4306 1343 4366 alli·

223 4405 351 4474 gantur,
376 4401 409 4446 et
425 4387 466 4446 ad
481 4387 637 4450 Christum
653 4388 754 4446 totius
767 4388 940 4467 scripturae
957 4387 1082 4464 scopum
1104 4388 1291 4466 applicantur,
1310 4402 1342 4448 ut
1420 4437 1423 4450 .

223 4473 309 4554 apud
325 4487 434 4540 onmes¹
444 4469 481 4530 in
493 4465 626 4534 conferre
641 4467 696 4533 est.
729 4469 788 4532 Vel
803 4468 904 4552 igitur
918 4467 961 4530 ad
973 4467 1031 4530 illa
1046 4467 1113 4550 ipsa
1127 4467 1204 4559 ditia
1216 4466 1337 4611 litigii
1380 4467 1386 4486 ⁸

1191 4565 1219 4614 te
1250 4567 1301 4634 geu
