2908 4832
309 193 527 276 Pandoram
547 191 585 277 V
581 192 732 274 ocalium
749 185 1022 276 Hebraicorum.
1204 221 1253 310 19

35 399 37 406 '
113 411 163 476 ex
178 385 306 476 literis
329 393 416 460 '¹³⁸
440 395 550 474 adesi
574 427 586 487 ;
609 394 793 501 plurima
815 397 913 478 talia
935 396 1047 504 apud
1066 395 1248 479 Hebrae-

113 545 156 596 os
178 543 216 596 et
235 519 395 598 Arabes
417 520 590 610 exstare,
610 520 827 614 omnibus,
851 521 924 626 qui
941 517 1059 597 hasce
1077 518 1245 628 linguas

43 666 48 675 ·
112 642 172 720 vel
189 669 209 720 a
227 643 377 721 limine
398 641 647 733 salutarunt,
661 663 789 748 patet.
825 643 917 722 Hoc
936 641 1061 746 plane
1084 643 1243 724 indicio
1353 669 1356 674 ·

114 763 174 859 en,
190 765 419 856 Hebraeos,
439 765 565 871 etiam
586 765 638 840 ab
654 763 943 868 antiquissimis
960 767 1239 871 temporibus,

74 953 80 964 .
112 888 268 966 notulas
292 885 495 994 quasdam
520 887 572 964 ad
598 886 761 964 vocales
782 884 874 964 snas
897 885 1148 968 indicandas
1170 889 1242 970 ha·

112 1006 251 1102 buille;
286 1035 384 1089 nam
411 1008 526 1088 nulla
546 1007 715 1113 syllaba,
751 1007 887 1088 multo
910 1009 1051 1087 minus
1072 1011 1242 1118 integra

35 1163 37 1212 z
111 1151 201 1223 vox,
224 1132 268 1212 in
304 1157 444 1210 rerum
490 1129 655 1225 natura,
694 1130 781 1209 fine
803 1129 941 1210 vocali
965 1131 1128 1237 adjeslb
1148 1131 1238 1214 <elle

35 1323 37 1346 ἶ
112 1254 250 1354 potest.
320 1251 438 1333 Nihil
456 1254 510 1332 acl
530 1279 638 1346 rem,
665 1274 809 1331 utrum
833 1255 909 1334 hae
931 1253 1140 1333 vocalium
1164 1285 1240 1336 no·

35 1381 36 1388 '
111 1392 172 1452 tae
204 1369 728 1484 alphabeto'inserantur,
790 1401 942 1468 necne,
997 1375 1235 1458 dummodo

111 1515 211 1575 certa
235 1498 371 1604 signa,
405 1497 456 1576 ad
489 1499 653 1578 vocales
687 1495 777 1576 suas
809 1497 1105 1604 designandas,
1150 1503 1233 1581 He·

112 1615 214 1699 braei
235 1620 485 1700 habuerint·
551 1618 714 1700 Puerile
738 1620 851 1698 enim
871 1621 941 1713 est,
976 1623 1230 1720 existimare,

113 1731 258 1822 n'ecell'e
280 1739 415 1835 soille,
443 1763 489 1822 ut
507 1742 734 1822 orientales
751 1741 891 1820 literas
910 1769 987 1848 pro
1012 1745 1229 1826 vocalibus

111 1857 147 1938 in
169 1865 236 1942 suo
258 1865 489 1972 alphabeto
514 1863 688 1943 insertas
714 1864 920 1942 haberent
953 1866 1135 1969 eoquod
1159 1868 1229 1948 hic

111 2005 189 2066 mos
202 1987 318 2095 apud
344 1987 544 2080 Graecos,
564 1985 752 2079 Latinos,
777 2006 818 2064 et
833 1985 1134 2096 occidentales,
1158 1992 1233 2068 ob·

36 2181 41 2197 5
112 2103 242 2189 tinuit.
331 2109 562 2192 Audiamus
597 2105 815 2186 Eruditill.
843 2105 1149 2190 Schultenfium
1179 2115 1234 2194 de

40 2252 45 2268 ·
111 2221 177 2308 hac
211 2259 256 2311 re
288 2227 586 2311 differentem:
635 2242 665 2278 “
697 2231 808 2309 Hinc
850 2229 976 2337 plane
1020 2225 1097 2340 (ait
1140 2233 1234 2347 ille)

115 2359 139 2395 ‘¹
167 2381 252 2433 rem
276 2353 363 2434 five
385 2352 630 2460 potestatem
655 2353 865 2430 vocalium
900 2369 987 2432 non
1010 2353 1231 2438 inventam

114 2479 139 2516 “
166 2472 283 2557 luisse
315 2474 369 2554 ab
391 2473 496 2556 Ezrd
527 2495 718 2584 apparet,
759 2473 946 2553 sedeunt
980 2473 1232 2558 usu-sermo·

114 2601 140 2638 ⁸¹
167 2597 242 2692 nis,
262 2598 368 2681 inde
391 2600 446 2676 ab
466 2596 590 2678 initio
612 2623 772 2690 rernm,
807 2596 972 2676 vocales
993 2597 1230 2679 consonan-

35 2735 37 2748 ’
115 2721 270 2801 “tibus
299 2719 487 2800 animam
514 2717 732 2800 addidisse.
768 2719 850 2824 Qti
873 2720 1031 2826 primns
1054 2719 1233 2829 scriptu-

115 2845 142 2882 “
168 2869 254 2923 ram
290 2841 487 2935 invenits
515 2842 703 2950 quisquis
724 2839 794 2921 ille
823 2839 967 2935 fuerit,
1014 2864 1127 2937 ante,
1162 2846 1231 2927 vel

116 2970 142 3006 ‘⁸
170 2967 256 3072 post
283 2965 518 3056 diluvium,
562 2993 664 3045 cnm.
696 2963 822 3070 lignis
854 2964 1072 3043 literarum
1114 2966 1228 3048 haud

35 3117 36 3132 ¹
116 3091 140 3127 ‘⁸
169 3085 294 3167 dubiis
314 3087 430 3194 figna
454 3087 662 3168 vocalium
686 3086 958 3190 excogitavit,
990 3088 1104 3191 quod
1128 3090 1227 3170 alias

116 3211 142 3248 “
169 3235 248 3290 non
273 3235 477 3290 mancum
497 3219 680 3308 tantum,
698 3209 764 3288 sed
785 3230 825 3286 et
849 3232 1067 3288 mortuum
1091 3209 1229 3292 fnisset

35 3419 36 3430 χ
119 3333 141 3368 “
168 3359 268 3438 opus
290 3332 414 3425 illud,
448 3359 533 3438 quo
557 3332 723 3412 nullum
769 3331 1058 3410 admirabilius
1091 3355 1133 3408 et
1154 3361 1229 3437 go·

35 3445 36 3472 ¹
118 3455 462 3534 “nerihumano
492 3452 792 3562 opportunius·
861 3457 930 3532 An
951 3449 1229 3535 difficiliuse-

35 3559 37 3632 l
118 3577 141 3613 “
169 3599 241 3670 rat,
258 3576 367 3655 sonis
385 3604 424 3668 a,
448 3605 479 3670 e,
500 3581 529 3672 i,
546 3607 582 3670 ο,
596 3607 635 3672 u,
655 3575 955 3682 fignaponete,
976 3603 1102 3681 quam
1126 3605 1228 3658 con·

35 3711 36 3800 ἔ
120 3701 143 3736 “
167 3697 461 3794 sonantibusb,
484 3727 527 3808 g,
552 3700 591 3790 d,
633 3698 760 3778 &c?’'
801 3702 962 3778 Annon
986 3701 1028 3777 in
1052 3705 1227 3810 promp-

118 3831 155 3892 tn
172 3817 305 3900 saltem
329 3844 436 3914 erat,
455 3817 890 3927 punslulumaliquod
911 3819 1058 3926 figere,
1082 3823 1144 3900 vel
1164 3825 1228 3906 in-

35 3927 37 4048 }
119 3933 170 4016 fra
185 3945 241 4023 vel
257 3941 381 4050 lbpta
402 3945 721 4037 consonantem,
744 3944 856 4021 vario
876 3943 1040 4040 sttu‚ad
1053 3947 1095 4026 id
1111 3949 1229 4052 quod

35 4069 37 4156 ξ
120 4071 356 4160 a‚e‚i,0,u‚
400 4092 600 4146 vocamus
623 4065 936 4144 indicandum?
980 4069 1078 4146 Non
1106 4073 1228 4151 nobis

35 4183 36 4248 ἕ
121 4188 279 4282 quaestio
300 4189 356 4265 cst
379 4188 435 4266 de
448 4189 694 4268 nominibus
712 4186 914 4266 technicis
931 4189 1161 4286 vocaliunt;
1181 4221 1230 4274 ea

122 4303 215 4390 raim
233 4311 534 4428 demnmtcum
557 4313 610 4394 de
631 4308 909 4418 grammatica
925 4317 1229 4422 praeceptione

1051 4435 1230 4538 eogitam'
