2960 4828
121 191 200 296 316
289 187 541 278 CLAVIS
597 191 1135 279 PENTATEUCHI.

123 411 244 500 2297.
263 391 376 474 Vaut.
397 417 458 492 13.
478 393 594 499 ΠῚῼῌ
609 393 801 485 Redimet,
823 419 910 473 rm.
929 392 1002 472 fut.
1026 416 1040 488 ¹.
1060 391 1112 499 sp.
1129 393 1284 504 (impr

207 529 228 602 3
250 506 275 577 s.
301 522 414 605 praet.
447 503 542 605 Πξᾮῖ
564 533 585 612 3
606 531 659 584 m.
684 505 754 582 sut.
782 533 799 580 2
822 503 871 610 sp.
901 504 1033 603 Πᾞῦ
1051 525 1166 609 praet.
1191 532 1215 606 5
1236 507 1285 613 sp.

203 613 314 716 mliii
345 614 413 695 ius.
443 617 468 692 6
495 615 569 727 lp.)
625 619 662 694 A
682 615 764 710 ''l'li
784 631 860 710 erut
878 613 1052 706 redemit,
1091 616 1285 722 speciatim

56 743 59 757 ·
205 725 515 829 redemptionem,
537 730 593 809 vel
613 729 870 806 liberationem
890 727 1028 831 captivi
1048 744 1166 816 notat,
1187 753 1287 836 quae

205 835 260 928 sit,
292 832 413 916 soluto
433 841 564 944 pretio,
596 840 653 916 vel
673 855 708 916 et
728 835 1078 927 substitutaanima,
1105 838 1288 918 locoani·
1342 889 1348 898 ·

207 969 308 1039 tuac,
323 950 400 1027 vita
416 950 503 1030 loco
524 955 635 1030 vitae.
658 943 711 1026 To
721 943 863 1026 deliner
879 947 919 1056 by
932 961 1058 1048 power
1072 974 1114 1024 or
1124 953 1236 1052 price,
1253 968 1289 1027 to

203 1057 346 1152 redeam,
378 1078 412 1136 ro
432 1059 569 1140 deliber
584 1061 684 1168 from
703 1056 807 1138 death
824 1059 900 1139 and
917 1055 1037 1167 miscry
1055 1055 1097 1163 by
1116 1067 1289 1168 popinga

205 1167 450 1275 cumpenfininn
467 1199 506 1252 nr
521 1178 630 1278 price.

125 1277 247 1382 2298.
269 1275 414 1382 ἹΗῼἹΣῚ,
437 1282 487 1363 Et
501 1281 691 1388 jugulabis
709 1307 812 1372 eum,
844 1309 863 1358 2
885 1279 978 1386 sing.
1000 1304 1056 1356 m.
1078 1305 1165 1359 cum
1187 1279 1251 1360 aff.
1274 1275 1291 1350 l

205 1412 245 1472 ct
265 1394 281 1458 l
299 1392 464 1471 convers.
496 1385 596 1492 illis
617 1393 857 1495 jugulabunt,
891 1417 911 1494 3
935 1391 984 1496 pl.
1011 1407 1127 1495 praet.
1161 1392 1291 1492 ΠΜ,

205 1499 390 1583 decollata
411 1520 504 1610 part.
524 1504 613 1610 pals.
639 1498 731 1603 fliz!
751 1527 855 1608 prop.
875 1501 1080 1607 penetrabit
1100 1504 1159 1580 vel
1180 1527 1290 1606 penc-

205 1627 287 1708 trct‚
311 1640 330 1722 3
349 1613 440 1722 fing.
458 1641 510 1694 m.
533 1616 679 1720 imm
698 1615 748 1720 pl.
768 1639 822 1692 m.
840 1611 909 1691 fut.
934 1639 948 1688 1
967 1608 1017 1716 sp.
1044 1614 1171 1708 Alli?
1186 1642 1291 1728 ‘⁴1⁴-

206 1751 314 1836 prop.
332 1726 534 1831 jugulavit,
556 1723 766 1806 decollavit.
800 1720 943 1812 Takrit
964 1741 999 1799 tn
1016 1719 1154 1801 debead.
1189 1724 1289 1802 Hinc

115 1839 118 1852 '
153 1831 156 1844 ’
210 1865 246 1915 a.
268 1837 406 1916 lntime
425 1840 643 1946 penetravit,
667 1839 878 1942 cognovit;
905 1833 1098 1940 jugulator
1116 1831 1216 1940 apud
1236 1835 1291 1912 Α·

206 1947 312 2030 rabes
330 1945 467 2028 dicitur
489 1952 567 2027 acri
595 1947 747 2054 iugenio
777 1942 976 2054 praeditus,
1005 1945 1071 2050 qni
1093 1941 1158 2022 sno
1224 1971 1291 2026 ne·

206 2073 328 2138 trantc
348 2061 522 2138 acumine
542 2085 596 2138 res
609 2059 772 2164 jugulat.
808 2054 861 2141 To
874 2071 1066 2160 penetrate,
1100 2069 1169 2158 app
1182 2054 1241 2136 icd
1255 2073 1291 2134 to

209 2165 341 2248 mental
350 2189 509 2249 entrance
531 2175 603 2248 into
627 2193 691 2276 arry
712 2169 810 2274 thing
828 2164 991 2276 abstruse,
1023 2161 1143 2243 andro
1162 2165 1292 2246 chenu

208 2278 410 2388 osenrering
422 2284 567 2382 intvcny
580 2278 661 2386 body
672 2311 689 2378 ,ξ
711 2293 930 2382 topenetrate
942 2270 1177 2354 ordrizzleas
1190 2274 1284 2358 dean.

132 2411 252 2496 2299.
277 2391 381 2468 Vct.
409 2393 467 2470 16.
488 2379 639 2487 nibblis
672 2391 785 2495 Prop.
807 2385 1041 2479 vibramina
1064 2388 1191 2495 quales
1210 2385 1292 2467 sunt

212 2499 427 2609 insigniores
446 2527 622 2604 gemmae
640 2516 705 2579 aut
726 2502 897 2588 monilia,
914 2497 1076 2576 multam
1095 2499 1216 2581 lucem
1237 2500 1294 2576 vi·

210 2612 372 2690 brontia.
404 2613 438 2689 A
456 2611 565 2712 iiiiii
584 2613 720 2693 orbino
736 2605 831 2700 ‘lilii
848 2609 1104 2688 vehementius
1122 2610 1292 2689 vibravit.

107 2713 112 2724 ’
212 2727 250 2800 Α
270 2719 352 2818 lilla
368 2727 479 2800 dila
498 2724 604 2827 agilis
623 2721 705 2813 suit,
735 2721 794 2799 vel
811 2747 833 2798 a
851 2721 1049 2819 ’1ἲῦὁρ
1070 2721 1291 2800 circumivit.

132 2853 253 2931 2300.
276 2833 388 2909 Van.
417 2830 478 2910 18.
500 2822 719 2944 Uispillo
737 2828 884 2910 ordines
911 2828 1111 2923 distributi
1141 2835 1295 2939 agmine

211 2941 258 3024 ad
277 2943 461 3022 exercitus
479 2940 649 3021 ordinem
672 2941 884 3048 composti.
918 2938 1145 3046 Mnrfhclled‚
1165 2942 1296 3023 ranked

213 3049 386 3150 montier.
415 3052 515 3136 Part.
540 3053 628 3158 pals.
647 3051 723 3131 sive
741 3055 869 3158 pabul,
896 3077 910 3132 r
934 3051 985 3158 sp.
1031 3053 1067 3134 Α
1089 3045 1182 3146 dm
1199 3093 1295 3151 μ

207 3161 362 3258 crudrtn‘
389 3165 574 3242 violentus
605 3161 674 3242 suit
705 3167 836 3242 animo
858 3194 869 3254 3
891 3163 998 3242 binc
1026 3157 1190 3242 strenuus
1223 3161 1292 3243 snit

211 3277 320 3364 bello,
341 3273 541 3364 vehemens
559 3272 632 3354 suit'
649 3277 686 3352 in
707 3277 866 3354 omnive
885 3304 894 3352 ι
917 3275 988 3354 Vel
1008 3277 1184 3354 convenit
1203 3299 1290 3354 cum

209 3413 305 3486 pus
322 3385 526 3464 concitavit
546 3389 581 3462 in
603 3410 785 3491 pugnam.
924 3446 929 3462 .

131 3521 251 3600 2301.
273 3499 379 3574 Vna.
399 3521 460 3574 21.
491 3497 590 3588 'lidii
618 3526 700 3596 ψ
726 3496 930 3574 Columna.
961 3494 1009 3578 A
1017 3492 1145 3599 pillar.
1177 3495 1292 3604 In‘pl.

210 3605 367 3701 Uimi!
380 3661 389 3683 .
446 3607 483 3683 A
503 3607 587 3702 ¹to
608 3604 744 3714 stetit(
780 3601 814 3714 ).
1259 3642 1265 3654 ·

260 3751 263 3756 ·
1022 3745 1026 3752 ·
1174 3739 1195 3796 2
1227 3740 1293 3798 02.

172 3825 230 3912 (m)
251 3821 414 3900 Dilliutlio
437 3839 580 3905 tanquam
602 3821 746 3910 geminae
767 3822 925 3900 columpne
940 3822 1083 3900 occurrit,
1102 3845 1165 3890 ver
1183 3741 1234 3890 ai.
1261 3839 1296 3890 et

128 3911 226 3978 Num.
243 3909 304 3976 xiv.
324 3930 371 3989 14.
391 3929 403 3972 r
411 3928 441 3992 5.
482 3906 604 3992 Species
630 3928 703 3974 vero
724 3909 847 3985 fefellit,
871 3930 961 3974 unam
983 3927 1096 3976 tantam
1119 3911 1297 3976 columnam

129 3997 211 4064 luisse
227 3993 389 4074 constabit,
412 4013 486 4077 quae
501 4011 539 4056 ex
554 3995 591 4058 dn
613 3992 664 4057 lici
683 3995 810 4060 materia
824 3995 966 4059 nebulosa
982 4013 1015 4060 er
1037 3995 1127 4082 ignea
1148 3993 1296 4066 coaluerit

127 4081 160 4146 iu
177 4081 294 4148 mallum
309 4075 494 4156 denfiotcm,
510 4093 540 4142 et
557 4013 715 4148 columnae
730 4079 833 4156 instar,
850 4081 891 4143 ita
905 4098 938 4146 ut
950 4078 983 4145 in
999 4081 1103 4146 medio
1115 4082 1308 4157 residentem¹

128 4167 234 4254 ignem
246 4168 339 4231 nubes
354 4165 407 4230 illa
420 4161 606 4230 continuerit
618 4186 627 4227 e
640 4165 735 4248 Nam,
749 4165 781 4230 in
792 4163 891 4232 Exod.
905 4165 969 4229 xiv.
984 4183 1034 4232 20.
1050 4165 1181 4256 legimus
1194 4167 1299 4238 Deua
1348 4205 1352 4215 ι

129 4251 163 4316 in
176 4271 211 4314 ea
226 4253 441 4336 procedentem
456 4248 510 4314 sule
524 4247 630 4314 calicia
641 4249 769 4316 effecisse
784 4271 816 4318 ut
831 4247 972 4337 AEgyptii
987 4251 1025 4316 arl
1045 4253 1194 4322 israelitas
1208 4272 1298 4318 acoe-

13 4345 14 4350 ’
129 4336 203 4402 dero
216 4355 280 4402 non
298 4337 442 4404 auderent
454 4361 464 4415 3
478 4333 568 4420 fitque
582 4331 674 4404 uniut
684 4351 801 4416 tantun
814 4335 975 4408 colunnae
991 4338 1119 4425 mentio,
1135 4359 1211 4427 quac
1227 4335 1298 4402 hinc

1196 4423 1298 4492 luceru
