<?xml version="1.0" encoding="UTF-8"?>
<!DOCTYPE html PUBLIC "-//W3C//DTD XHTML 1.0 Transitional//EN"
    "http://www.w3.org/TR/xhtml1/DTD/xhtml1-transitional.dtd">
<html xmlns="http://www.w3.org/1999/xhtml" xml:lang="en" lang="en">
 <head>
  <title>
</title>
<meta http-equiv="Content-Type" content="text/html;charset=utf-8" />
  <meta name='ocr-system' content='tesseract 3.04.00' />
  <meta name='ocr-capabilities' content='ocr_page ocr_carea ocr_par ocr_line ocrx_word'/>
</head>
<body>
  <div class='ocr_page' id='page_1' title='image "./clavispentateuc00robegoog_0092.png"; bbox 0 0 2924 4832; ppageno 0'>
   <div class='ocr_carea' id='block_1_1' title="bbox 190 201 1075 326">
    <p class='ocr_par' dir='ltr' id='par_1_1' title="bbox 190 201 1075 326">
     <span class='ocr_line' id='line_1_1' title="bbox 190 201 1075 326; baseline 0.002 -38"><span class='ocrx_word' id='word_1_1' title='bbox 190 285 194 295; x_wconf 80' lang='grc'>,</span> <span class='ocrx_word' id='word_1_2' title='bbox 208 227 266 306; x_wconf 83' lang='lat'><strong>50</strong></span> <span class='ocrx_word' id='word_1_3' title='bbox 297 218 305 235; x_wconf 76' lang='lat'><strong><em>¹</em></strong></span> <span class='ocrx_word' id='word_1_4' title='bbox 481 201 807 326; x_wconf 72' lang='lat' dir='ltr'><strong>De&#39;Antiquitate</strong></span> <span class='ocrx_word' id='word_1_5' title='bbox 836 224 872 287; x_wconf 80' lang='lat' dir='ltr'><strong>et</strong></span> <span class='ocrx_word' id='word_1_6' title='bbox 901 203 1075 290; x_wconf 82' lang='lat' dir='ltr'><strong>Utilitate</strong></span> 
     </span>
    </p>
   </div>
   <div class='ocr_carea' id='block_1_2' title="bbox 214 406 1448 526">
    <p class='ocr_par' dir='ltr' id='par_1_2' title="bbox 214 406 1448 526">
     <span class='ocr_line' id='line_1_2' title="bbox 214 406 1448 526; baseline -0.005 -32"><span class='ocrx_word' id='word_1_7' title='bbox 214 418 245 456; x_wconf 88' lang='lat'><strong>“</strong></span> <span class='ocrx_word' id='word_1_8' title='bbox 278 407 566 518; x_wconf 75' lang='lat' dir='ltr'><strong>paraphrase5‚</strong></span> <span class='ocrx_word' id='word_1_9' title='bbox 592 406 662 485; x_wconf 84' lang='lat' dir='ltr'><strong>vix</strong></span> <span class='ocrx_word' id='word_1_10' title='bbox 680 407 912 516; x_wconf 90' lang='lat' dir='ltr'><strong>quicquam</strong></span> <span class='ocrx_word' id='word_1_11' title='bbox 935 409 1143 526; x_wconf 76' lang='lat' dir='ltr'>habeatur</span> <span class='ocrx_word' id='word_1_12' title='bbox 1163 410 1280 518; x_wconf 90' lang='lat' dir='ltr'><strong>quod</strong></span> <span class='ocrx_word' id='word_1_13' title='bbox 1300 407 1351 494; x_wconf 76' lang='lat' dir='ltr'><strong>fit</strong></span> <span class='ocrx_word' id='word_1_14' title='bbox 1446 443 1448 508; x_wconf 59' lang='grc' dir='ltr'><strong>ς</strong></span> 
     </span>
    </p>
   </div>
   <div class='ocr_carea' id='block_1_3' title="bbox 112 527 1356 1370">
    <p class='ocr_par' dir='ltr' id='par_1_3' title="bbox 112 527 1356 1370">
     <span class='ocr_line' id='line_1_3' title="bbox 214 527 1353 639; baseline 0.001 -27"><span class='ocrx_word' id='word_1_15' title='bbox 214 541 245 579; x_wconf 84' lang='grc'><strong>“</strong></span> <span class='ocrx_word' id='word_1_16' title='bbox 279 527 456 639; x_wconf 87' lang='lat' dir='ltr'><strong>alicujus</strong></span> <span class='ocrx_word' id='word_1_17' title='bbox 483 529 724 622; x_wconf 89' lang='lat' dir='ltr'><strong>momenti;</strong></span> <span class='ocrx_word' id='word_1_18' title='bbox 761 533 920 612; x_wconf 85' lang='lat' dir='ltr'>Arabes</span> <span class='ocrx_word' id='word_1_19' title='bbox 948 533 1085 614; x_wconf 88' lang='lat' dir='ltr'><strong>adhuc</strong></span> <span class='ocrx_word' id='word_1_20' title='bbox 1117 535 1240 616; x_wconf 87' lang='lat' dir='ltr'><strong>annis</strong></span> <span class='ocrx_word' id='word_1_21' title='bbox 1264 533 1353 614; x_wconf 71' lang='lat' dir='ltr'><strong>fere</strong></span> 
     </span>
     <span class='ocr_line' id='line_1_4' title="bbox 192 653 1355 762; baseline 0.003 -30"><span class='ocrx_word' id='word_1_22' title='bbox 192 663 244 758; x_wconf 25' lang='lat'><strong>&#39;⁴‘</strong></span> <span class='ocrx_word' id='word_1_23' title='bbox 277 653 509 758; x_wconf 84' lang='lat' dir='ltr'><strong>nongentis</strong></span> <span class='ocrx_word' id='word_1_24' title='bbox 553 677 701 730; x_wconf 90' lang='lat' dir='ltr'><strong>omnes</strong></span> <span class='ocrx_word' id='word_1_25' title='bbox 744 657 922 734; x_wconf 91' lang='lat' dir='ltr'><strong>omnino</strong></span> <span class='ocrx_word' id='word_1_26' title='bbox 966 655 1154 736; x_wconf 83' lang='lat' dir='ltr'><strong>scientias</strong></span> <span class='ocrx_word' id='word_1_27' title='bbox 1197 655 1355 762; x_wconf 67' lang='lat' dir='ltr'><strong>magni</strong></span> 
     </span>
     <span class='ocr_line' id='line_1_5' title="bbox 112 771 1353 885; baseline 0.002 -31"><span class='ocrx_word' id='word_1_28' title='bbox 112 827 115 836; x_wconf 50' lang='grc' dir='ltr'><em>ι</em></span> <span class='ocrx_word' id='word_1_29' title='bbox 215 786 245 825; x_wconf 86' lang='grc'><strong>“</strong></span> <span class='ocrx_word' id='word_1_30' title='bbox 277 775 378 856; x_wconf 73' lang='lat' dir='ltr'><strong>curi</strong></span> <span class='ocrx_word' id='word_1_31' title='bbox 399 771 697 866; x_wconf 81' lang='lat' dir='ltr'><strong>excoluerunt,</strong></span> <span class='ocrx_word' id='word_1_32' title='bbox 731 779 848 856; x_wconf 88' lang='lat' dir='ltr'><strong>etde</strong></span> <span class='ocrx_word' id='word_1_33' title='bbox 872 775 1045 884; x_wconf 82' lang='lat' dir='ltr'><strong>singulis</strong></span> <span class='ocrx_word' id='word_1_34' title='bbox 1068 778 1201 858; x_wconf 89' lang='lat' dir='ltr'><strong>multa</strong></span> <span class='ocrx_word' id='word_1_35' title='bbox 1223 780 1353 885; x_wconf 79' lang='lat' dir='ltr'><strong>scrip·</strong></span> 
     </span>
     <span class='ocr_line' id='line_1_6' title="bbox 214 895 1356 1004; baseline 0.001 -28"><span class='ocrx_word' id='word_1_36' title='bbox 214 907 246 1002; x_wconf 56' lang='grc' dir='ltr'><strong>ξ’</strong></span> <span class='ocrx_word' id='word_1_37' title='bbox 279 899 438 990; x_wconf 88' lang='lat' dir='ltr'><strong>serunt,</strong></span> <span class='ocrx_word' id='word_1_38' title='bbox 483 896 532 982; x_wconf 83' lang='lat' dir='ltr'><strong>iis</strong></span> <span class='ocrx_word' id='word_1_39' title='bbox 566 895 819 1004; x_wconf 87' lang='lat' dir='ltr'><strong>plerumque</strong></span> <span class='ocrx_word' id='word_1_40' title='bbox 856 900 1007 994; x_wconf 87' lang='lat' dir='ltr'><strong>verbis,</strong></span> <span class='ocrx_word' id='word_1_41' title='bbox 1051 926 1136 1004; x_wconf 86' lang='lat' dir='ltr'><strong>quae</strong></span> <span class='ocrx_word' id='word_1_42' title='bbox 1167 899 1232 980; x_wconf 86' lang='lat' dir='ltr'><strong>vel</strong></span> <span class='ocrx_word' id='word_1_43' title='bbox 1261 925 1356 978; x_wconf 85' lang='lat' dir='ltr'><strong>mere</strong></span> 
     </span>
     <span class='ocr_line' id='line_1_7' title="bbox 215 1016 1354 1130; baseline -0.003 -27"><span class='ocrx_word' id='word_1_44' title='bbox 215 1025 246 1067; x_wconf 86' lang='lat'><strong>“</strong></span> <span class='ocrx_word' id='word_1_45' title='bbox 278 1021 456 1104; x_wconf 76' lang='lat' dir='ltr'><strong>Hebraico</strong></span> <span class='ocrx_word' id='word_1_46' title='bbox 465 1021 570 1126; x_wconf 67' lang='lat' dir='ltr'><strong>stent,</strong></span> <span class='ocrx_word' id='word_1_47' title='bbox 598 1016 660 1096; x_wconf 85' lang='lat' dir='ltr'><strong>vel</strong></span> <span class='ocrx_word' id='word_1_48' title='bbox 678 1045 753 1097; x_wconf 81' lang='lat' dir='ltr'><strong>cum</strong></span> <span class='ocrx_word' id='word_1_49' title='bbox 774 1027 878 1100; x_wconf 83' lang='lat' dir='ltr'><strong>meris</strong></span> <span class='ocrx_word' id='word_1_50' title='bbox 898 1021 1085 1102; x_wconf 84' lang='lat' dir='ltr'><strong>Hebraicis</strong></span> <span class='ocrx_word' id='word_1_51' title='bbox 1104 1050 1266 1130; x_wconf 81' lang='lat' dir='ltr'><strong>magnam</strong></span> <span class='ocrx_word' id='word_1_52' title='bbox 1286 1023 1354 1100; x_wconf 83' lang='lat' dir='ltr'><strong>ha-</strong></span> 
     </span>
     <span class='ocr_line' id='line_1_8' title="bbox 215 1141 1354 1251; baseline -0.002 -26"><span class='ocrx_word' id='word_1_53' title='bbox 215 1147 246 1190; x_wconf 89' lang='lat'><strong>“</strong></span> <span class='ocrx_word' id='word_1_54' title='bbox 279 1142 596 1251; x_wconf 75' lang='lat' dir='ltr'><strong>bentnffinitatem.</strong></span> <span class='ocrx_word' id='word_1_55' title='bbox 637 1141 798 1248; x_wconf 89' lang='lat' dir='ltr'><strong>Itaque,</strong></span> <span class='ocrx_word' id='word_1_56' title='bbox 823 1143 850 1220; x_wconf 86' lang='lat' dir='ltr'><strong>st</strong></span> <span class='ocrx_word' id='word_1_57' title='bbox 873 1144 967 1248; x_wconf 90' lang='lat' dir='ltr'><strong>quis</strong></span> <span class='ocrx_word' id='word_1_58' title='bbox 988 1143 1177 1224; x_wconf 84' lang='lat' dir='ltr'>Arabum</span> <span class='ocrx_word' id='word_1_59' title='bbox 1202 1144 1354 1223; x_wconf 87' lang='lat' dir='ltr'><strong>scrinia</strong></span> 
     </span>
     <span class='ocr_line' id='line_1_9' title="bbox 217 1261 1350 1370; baseline -0.002 -26"><span class='ocrx_word' id='word_1_60' title='bbox 217 1271 247 1312; x_wconf 88' lang='lat'><strong>“</strong></span> <span class='ocrx_word' id='word_1_61' title='bbox 275 1265 426 1346; x_wconf 85' lang='lat' dir='ltr'><strong>sedulo</strong></span> <span class='ocrx_word' id='word_1_62' title='bbox 459 1261 726 1369; x_wconf 88' lang='lat' dir='ltr'><strong>compilaret,</strong></span> <span class='ocrx_word' id='word_1_63' title='bbox 771 1263 893 1370; x_wconf 88' lang='lat' dir='ltr'><strong>plura</strong></span> <span class='ocrx_word' id='word_1_64' title='bbox 926 1293 979 1346; x_wconf 80' lang='lat' dir='ltr'><strong>ex</strong></span> <span class='ocrx_word' id='word_1_65' title='bbox 1010 1267 1058 1344; x_wconf 87' lang='lat' dir='ltr'><strong>iis</strong></span> <span class='ocrx_word' id='word_1_66' title='bbox 1092 1267 1263 1346; x_wconf 87' lang='lat' dir='ltr'><strong>eliceret</strong></span> <span class='ocrx_word' id='word_1_67' title='bbox 1296 1264 1350 1342; x_wconf 90' lang='lat' dir='ltr'><strong>ad</strong></span> 
     </span>
    </p>
   </div>
   <div class='ocr_carea' id='block_1_4' title="bbox 219 1385 1448 1494">
    <p class='ocr_par' dir='ltr' id='par_1_4' title="bbox 219 1385 1448 1494">
     <span class='ocr_line' id='line_1_10' title="bbox 219 1385 1448 1494; baseline 0.001 -27"><span class='ocrx_word' id='word_1_68' title='bbox 219 1387 454 1468; x_wconf 85' lang='lat' dir='ltr'><strong>“solidam</strong></span> <span class='ocrx_word' id='word_1_69' title='bbox 499 1385 635 1490; x_wconf 82' lang='lat' dir='ltr'><strong>sacrae</strong></span> <span class='ocrx_word' id='word_1_70' title='bbox 678 1385 850 1494; x_wconf 83' lang='lat' dir='ltr'><strong>linguae</strong></span> <span class='ocrx_word' id='word_1_71' title='bbox 888 1389 1178 1494; x_wconf 84' lang='lat' dir='ltr'><strong>cognitionem</strong></span> <span class='ocrx_word' id='word_1_72' title='bbox 1222 1388 1355 1494; x_wconf 86' lang='lat' dir='ltr'><strong>perti·</strong></span> <span class='ocrx_word' id='word_1_73' title='bbox 1446 1401 1448 1482; x_wconf 48' lang='grc' dir='ltr'>ξ</span> 
     </span>
    </p>
   </div>
   <div class='ocr_carea' id='block_1_5' title="bbox 218 1509 1355 1740">
    <p class='ocr_par' dir='ltr' id='par_1_5' title="bbox 218 1509 1355 1740">
     <span class='ocr_line' id='line_1_11' title="bbox 218 1509 1355 1616; baseline 0 -28"><span class='ocrx_word' id='word_1_74' title='bbox 218 1519 249 1558; x_wconf 88' lang='grc'><strong>“</strong></span> <span class='ocrx_word' id='word_1_75' title='bbox 281 1511 443 1606; x_wconf 89' lang='lat' dir='ltr'><strong>nentia,</strong></span> <span class='ocrx_word' id='word_1_76' title='bbox 478 1533 686 1616; x_wconf 80' lang='lat' dir='ltr'><strong>quamex</strong></span> <span class='ocrx_word' id='word_1_77' title='bbox 717 1509 1012 1614; x_wconf 84' lang='lat' dir='ltr'><strong>magistrorum</strong></span> <span class='ocrx_word' id='word_1_78' title='bbox 1036 1511 1355 1592; x_wconf 87' lang='lat' dir='ltr'><strong>commentariis</strong></span> 
     </span>
     <span class='ocr_line' id='line_1_12' title="bbox 220 1630 1353 1740; baseline 0.001 -30"><span class='ocrx_word' id='word_1_79' title='bbox 220 1642 250 1680; x_wconf 87' lang='lat'><strong>“</strong></span> <span class='ocrx_word' id='word_1_80' title='bbox 283 1633 516 1712; x_wconf 83' lang='lat' dir='ltr'><strong>omui-bus..</strong></span> <span class='ocrx_word' id='word_1_81' title='bbox 564 1631 687 1736; x_wconf 77' lang='lat' dir='ltr'><strong>Quod</strong></span> <span class='ocrx_word' id='word_1_82' title='bbox 722 1630 810 1710; x_wconf 86' lang='lat' dir='ltr'><strong>l&#39;urn</strong></span> <span class='ocrx_word' id='word_1_83' title='bbox 844 1653 1045 1740; x_wconf 87' lang='lat' dir='ltr'><strong>expertus</strong></span> <span class='ocrx_word' id='word_1_84' title='bbox 1078 1633 1119 1710; x_wconf 92' lang='lat' dir='ltr'><strong>in</strong></span> <span class='ocrx_word' id='word_1_85' title='bbox 1152 1631 1231 1710; x_wconf 89' lang='lat' dir='ltr'><strong>hoc</strong></span> <span class='ocrx_word' id='word_1_86' title='bbox 1261 1632 1353 1737; x_wconf 90' lang='lat' dir='ltr'><strong>ipso</strong></span> 
     </span>
    </p>
   </div>
   <div class='ocr_carea' id='block_1_6' title="bbox 220 1752 1448 1866">
    <p class='ocr_par' dir='ltr' id='par_1_6' title="bbox 220 1752 1448 1866">
     <span class='ocr_line' id='line_1_13' title="bbox 220 1752 1448 1866; baseline 0 -32"><span class='ocrx_word' id='word_1_87' title='bbox 220 1763 251 1802; x_wconf 90' lang='lat'><strong>“</strong></span> <span class='ocrx_word' id='word_1_88' title='bbox 282 1755 408 1848; x_wconf 89' lang='lat' dir='ltr'><strong>libro,</strong></span> <span class='ocrx_word' id='word_1_89' title='bbox 441 1779 570 1858; x_wconf 84' lang='lat' dir='ltr'><strong>quem</strong></span> <span class='ocrx_word' id='word_1_90' title='bbox 597 1754 649 1830; x_wconf 91' lang='lat' dir='ltr'><strong>de</strong></span> <span class='ocrx_word' id='word_1_91' title='bbox 673 1752 927 1834; x_wconf 83' lang='lat' dir='ltr'><strong>animalibus</strong></span> <span class='ocrx_word' id='word_1_92' title='bbox 955 1753 1126 1860; x_wconf 88' lang='lat' dir='ltr'><strong>l&#39;cripst;</strong></span> <span class='ocrx_word' id='word_1_93' title='bbox 1158 1753 1355 1859; x_wconf 86' lang='lat' dir='ltr'><strong>quamvis</strong></span> <span class='ocrx_word' id='word_1_94' title='bbox 1447 1859 1448 1866; x_wconf 7' lang='grc' dir='ltr'>ἵ</span> 
     </span>
    </p>
   </div>
   <div class='ocr_carea' id='block_1_7' title="bbox 220 1875 1357 2104">
    <p class='ocr_par' dir='ltr' id='par_1_7' title="bbox 220 1875 1357 2104">
     <span class='ocr_line' id='line_1_14' title="bbox 221 1875 1357 1981; baseline -0.002 -23"><span class='ocrx_word' id='word_1_95' title='bbox 221 1887 250 1926; x_wconf 85' lang='grc'><strong>“</strong></span> <span class='ocrx_word' id='word_1_96' title='bbox 281 1878 397 1958; x_wconf 90' lang='lat' dir='ltr'><strong>enim</strong></span> <span class='ocrx_word' id='word_1_97' title='bbox 417 1875 619 1955; x_wconf 83' lang='lat' dir='ltr'><strong>Arabicos</strong></span> <span class='ocrx_word' id='word_1_98' title='bbox 640 1875 769 1952; x_wconf 91' lang='lat' dir='ltr'><strong>libros</strong></span> <span class='ocrx_word' id='word_1_99' title='bbox 792 1902 948 1981; x_wconf 84' lang='lat' dir='ltr'><strong>paucos</strong></span> <span class='ocrx_word' id='word_1_100' title='bbox 972 1878 1162 1970; x_wconf 87' lang='lat' dir='ltr'><strong>habeam,</strong></span> <span class='ocrx_word' id='word_1_101' title='bbox 1185 1897 1226 1953; x_wconf 92' lang='lat' dir='ltr'><strong>et</strong></span> <span class='ocrx_word' id='word_1_102' title='bbox 1251 1903 1357 1981; x_wconf 89' lang='lat' dir='ltr'><strong>pau·</strong></span> 
     </span>
     <span class='ocr_line' id='line_1_15' title="bbox 220 1994 1355 2104; baseline 0 -26"><span class='ocrx_word' id='word_1_103' title='bbox 220 2010 251 2047; x_wconf 89' lang='lat'><strong>“</strong></span> <span class='ocrx_word' id='word_1_104' title='bbox 284 2001 417 2078; x_wconf 89' lang='lat' dir='ltr'><strong>ciores</strong></span> <span class='ocrx_word' id='word_1_105' title='bbox 440 1998 630 2103; x_wconf 87' lang='lat' dir='ltr'><strong>legerim,</strong></span> <span class='ocrx_word' id='word_1_106' title='bbox 660 2013 800 2076; x_wconf 87' lang='lat' dir='ltr'><strong>tamen</strong></span> <span class='ocrx_word' id='word_1_107' title='bbox 825 2025 875 2076; x_wconf 79' lang='lat' dir='ltr'><strong>ex</strong></span> <span class='ocrx_word' id='word_1_108' title='bbox 902 2000 1043 2104; x_wconf 88' lang='lat' dir='ltr'><strong>paucis</strong></span> <span class='ocrx_word' id='word_1_109' title='bbox 1065 1998 1145 2076; x_wconf 89' lang='lat' dir='ltr'><strong>illis</strong></span> <span class='ocrx_word' id='word_1_110' title='bbox 1168 1994 1355 2078; x_wconf 87' lang='lat' dir='ltr'><strong>multum</strong></span> 
     </span>
    </p>
   </div>
   <div class='ocr_carea' id='block_1_8' title="bbox 222 2115 1448 2230">
    <p class='ocr_par' dir='ltr' id='par_1_8' title="bbox 222 2115 1448 2230">
     <span class='ocr_line' id='line_1_16' title="bbox 222 2115 1448 2230; baseline -0.004 -29"><span class='ocrx_word' id='word_1_111' title='bbox 222 2131 251 2170; x_wconf 90' lang='lat'><strong>“</strong></span> <span class='ocrx_word' id='word_1_112' title='bbox 284 2122 388 2201; x_wconf 90' lang='lat' dir='ltr'><strong>lucis</strong></span> <span class='ocrx_word' id='word_1_113' title='bbox 412 2119 515 2198; x_wconf 89' lang='lat' dir='ltr'><strong>mibi</strong></span> <span class='ocrx_word' id='word_1_114' title='bbox 538 2115 737 2198; x_wconf 80' lang='lat' dir='ltr'><strong>affulsit.’&#39;</strong></span> <span class='ocrx_word' id='word_1_115' title='bbox 789 2119 885 2198; x_wconf 90' lang='lat' dir='ltr'><strong>Vid.</strong></span> <span class='ocrx_word' id='word_1_116' title='bbox 912 2121 1076 2227; x_wconf 66' lang='lat' dir='ltr'><strong>Prusae.</strong></span> <span class='ocrx_word' id='word_1_117' title='bbox 1102 2123 1247 2200; x_wconf 84' lang='lat' dir='ltr'><strong>Hieroz.</strong></span> <span class='ocrx_word' id='word_1_118' title='bbox 1275 2115 1291 2228; x_wconf 90' lang='lat'>(</span> <span class='ocrx_word' id='word_1_119' title='bbox 1315 2119 1351 2230; x_wconf 78' lang='lat' dir='ltr'><strong>J.</strong></span> <span class='ocrx_word' id='word_1_120' title='bbox 1446 2205 1448 2222; x_wconf 15' lang='grc' dir='ltr'>ἲ</span> 
     </span>
    </p>
   </div>
   <div class='ocr_carea' id='block_1_9' title="bbox 218 2237 1375 2468">
    <p class='ocr_par' dir='ltr' id='par_1_9' title="bbox 218 2237 1375 2468">
     <span class='ocr_line' id='line_1_17' title="bbox 284 2237 1375 2338; baseline -0.001 -16"><span class='ocrx_word' id='word_1_121' title='bbox 284 2239 407 2322; x_wconf 73' lang='grc' dir='ltr'><strong>Βοᾶ.</strong></span> <span class='ocrx_word' id='word_1_122' title='bbox 429 2237 713 2319; x_wconf 84' lang='lat' dir='ltr'><strong>Schulteuiius</strong></span> <span class='ocrx_word' id='word_1_123' title='bbox 735 2239 842 2318; x_wconf 88' lang='lat' dir='ltr'><strong>hanc</strong></span> <span class='ocrx_word' id='word_1_124' title='bbox 865 2241 1114 2320; x_wconf 82' lang='lat' dir='ltr'><strong>sententiam</strong></span> <span class='ocrx_word' id='word_1_125' title='bbox 1138 2241 1375 2338; x_wconf 65' lang='lat' dir='ltr'><strong>botberti,</strong></span> 
     </span>
     <span class='ocr_line' id='line_1_18' title="bbox 218 2361 1357 2468; baseline -0.004 -22"><span class='ocrx_word' id='word_1_126' title='bbox 218 2365 263 2447; x_wconf 90' lang='lat' dir='ltr'><strong>iu</strong></span> <span class='ocrx_word' id='word_1_127' title='bbox 284 2363 600 2443; x_wconf 87' lang='lat' dir='ltr'><strong>commentariis</strong></span> <span class='ocrx_word' id='word_1_128' title='bbox 625 2361 703 2440; x_wconf 92' lang='lat' dir='ltr'><strong>suis</strong></span> <span class='ocrx_word' id='word_1_129' title='bbox 724 2364 768 2442; x_wconf 94' lang='lat' dir='ltr'><strong>in</strong></span> <span class='ocrx_word' id='word_1_130' title='bbox 791 2365 947 2468; x_wconf 78' lang='lat' dir='ltr'><strong>jobum</strong></span> <span class='ocrx_word' id='word_1_131' title='bbox 971 2387 1012 2440; x_wconf 87' lang='lat' dir='ltr'><strong>et</strong></span> <span class='ocrx_word' id='word_1_132' title='bbox 1036 2361 1260 2441; x_wconf 90' lang='lat' dir='ltr'><strong>Proverbia</strong></span> <span class='ocrx_word' id='word_1_133' title='bbox 1284 2365 1357 2442; x_wconf 91' lang='lat' dir='ltr'><strong>So·</strong></span> 
     </span>
    </p>
   </div>
   <div class='ocr_carea' id='block_1_10' title="bbox 1446 2247 1448 2278">
    <p class='ocr_par' dir='ltr' id='par_1_10' title="bbox 1446 2247 1448 2278">
     <span class='ocr_line' id='line_1_19' title="bbox 1446 2247 1448 2278; baseline 0 0"><span class='ocrx_word' id='word_1_134' title='bbox 1446 2247 1448 2278; x_wconf 88' lang='lat' dir='ltr'><strong>l</strong></span> 
     </span>
    </p>
   </div>
   <div class='ocr_carea' id='block_1_11' title="bbox 219 2483 1447 2594">
    <p class='ocr_par' dir='ltr' id='par_1_11' title="bbox 219 2483 1447 2594">
     <span class='ocr_line' id='line_1_20' title="bbox 219 2483 1447 2594; baseline -0.007 -26"><span class='ocrx_word' id='word_1_135' title='bbox 219 2487 418 2582; x_wconf 86' lang='lat' dir='ltr'><strong>lomonis,</strong></span> <span class='ocrx_word' id='word_1_136' title='bbox 452 2483 707 2576; x_wconf 82' lang='lat' dir='ltr'><strong>coufirmat3</strong></span> <span class='ocrx_word' id='word_1_137' title='bbox 740 2507 781 2566; x_wconf 90' lang='lat' dir='ltr'><strong>et</strong></span> <span class='ocrx_word' id='word_1_138' title='bbox 804 2484 1030 2564; x_wconf 87' lang='lat' dir='ltr'><strong>utilitatem</strong></span> <span class='ocrx_word' id='word_1_139' title='bbox 1055 2485 1225 2590; x_wconf 89' lang='lat' dir='ltr'><strong>linguae</strong></span> <span class='ocrx_word' id='word_1_140' title='bbox 1245 2489 1355 2582; x_wconf 75' lang='lat' dir='ltr'><strong>Ara·</strong></span> <span class='ocrx_word' id='word_1_141' title='bbox 1446 2587 1447 2594; x_wconf 7' lang='grc' dir='ltr'>ἵ</span> 
     </span>
    </p>
   </div>
   <div class='ocr_carea' id='block_1_12' title="bbox 1218 2605 1354 2708">
    <p class='ocr_par' dir='ltr' id='par_1_12' title="bbox 1218 2605 1354 2708">
     <span class='ocr_line' id='line_1_21' title="bbox 1218 2605 1354 2708; baseline 0.015 -24"><span class='ocrx_word' id='word_1_142' title='bbox 1218 2605 1354 2708; x_wconf 86' lang='lat' dir='ltr'><strong>bicae,</strong></span> 
     </span>
    </p>
   </div>
   <div class='ocr_carea' id='block_1_13' title="bbox 220 2739 1359 3230">
    <p class='ocr_par' dir='ltr' id='par_1_13' title="bbox 220 2739 1359 3230">
     <span class='ocr_line' id='line_1_22' title="bbox 262 2739 1359 2828; baseline -0.002 -21"><span class='ocrx_word' id='word_1_143' title='bbox 262 2743 309 2828; x_wconf 84' lang='lat' dir='ltr'><strong>(q)</strong></span> <span class='ocrx_word' id='word_1_144' title='bbox 338 2747 361 2780; x_wconf 90' lang='lat'><strong>“</strong></span> <span class='ocrx_word' id='word_1_145' title='bbox 386 2745 547 2806; x_wconf 88' lang='lat' dir='ltr'><strong>Sciendum</strong></span> <span class='ocrx_word' id='word_1_146' title='bbox 570 2745 622 2820; x_wconf 87' lang='lat' dir='ltr'><strong>est,</strong></span> <span class='ocrx_word' id='word_1_147' title='bbox 647 2748 709 2828; x_wconf 83' lang='lat' dir='ltr'><strong>(ait</strong></span> <span class='ocrx_word' id='word_1_148' title='bbox 731 2749 818 2806; x_wconf 75' lang='lat' dir='ltr'><strong>noer.</strong></span> <span class='ocrx_word' id='word_1_149' title='bbox 834 2739 987 2822; x_wconf 80' lang='lat' dir='ltr'><strong>Ockley),</strong></span> <span class='ocrx_word' id='word_1_150' title='bbox 1010 2743 1122 2802; x_wconf 85' lang='lat' dir='ltr'><strong>multas</strong></span> <span class='ocrx_word' id='word_1_151' title='bbox 1142 2741 1359 2808; x_wconf 86' lang='lat' dir='ltr'><strong>Hebraearum</strong></span> 
     </span>
     <span class='ocr_line' id='line_1_23' title="bbox 221 2822 1358 2908; baseline 0.002 -23"><span class='ocrx_word' id='word_1_152' title='bbox 221 2833 245 2866; x_wconf 85' lang='lat'><em>“</em></span> <span class='ocrx_word' id='word_1_153' title='bbox 265 2826 405 2886; x_wconf 88' lang='lat' dir='ltr'><strong>radicum</strong></span> <span class='ocrx_word' id='word_1_154' title='bbox 420 2827 653 2908; x_wconf 76' lang='lat' dir='ltr'><strong>significationes</strong></span> <span class='ocrx_word' id='word_1_155' title='bbox 669 2827 849 2906; x_wconf 85' lang='lat' dir='ltr'><strong>deperditas</strong></span> <span class='ocrx_word' id='word_1_156' title='bbox 864 2827 897 2884; x_wconf 87' lang='lat' dir='ltr'><strong>iu</strong></span> <span class='ocrx_word' id='word_1_157' title='bbox 914 2825 1020 2902; x_wconf 77' lang='lat' dir='ltr'><strong>lingui</strong></span> <span class='ocrx_word' id='word_1_158' title='bbox 1032 2823 1161 2882; x_wconf 74' lang='lat' dir='ltr'><strong>Arabici</strong></span> <span class='ocrx_word' id='word_1_159' title='bbox 1177 2822 1234 2882; x_wconf 83' lang='lat' dir='ltr'><strong>effe</strong></span> <span class='ocrx_word' id='word_1_160' title='bbox 1249 2845 1283 2883; x_wconf 88' lang='lat' dir='ltr'><strong>re</strong></span> <span class='ocrx_word' id='word_1_161' title='bbox 1308 2849 1358 2887; x_wconf 88' lang='lat' dir='ltr'><strong>er·</strong></span> 
     </span>
     <span class='ocr_line' id='line_1_24' title="bbox 220 2897 1358 2988; baseline -0.006 -20"><span class='ocrx_word' id='word_1_162' title='bbox 220 2915 244 2948; x_wconf 85' lang='lat'><strong>“</strong></span> <span class='ocrx_word' id='word_1_163' title='bbox 266 2897 325 2980; x_wconf 58' lang='lat' dir='ltr'><strong>tas:</strong></span> <span class='ocrx_word' id='word_1_164' title='bbox 345 2930 423 2986; x_wconf 87' lang='lat' dir='ltr'><strong>quae</strong></span> <span class='ocrx_word' id='word_1_165' title='bbox 438 2930 485 2967; x_wconf 84' lang='lat' dir='ltr'><strong>rea</strong></span> <span class='ocrx_word' id='word_1_166' title='bbox 500 2910 757 2988; x_wconf 80' lang='lat' dir='ltr'><strong>interpretandae</strong></span> <span class='ocrx_word' id='word_1_167' title='bbox 773 2908 942 2984; x_wconf 77' lang='lat' dir='ltr'><strong>scripturae</strong></span> <span class='ocrx_word' id='word_1_168' title='bbox 958 2907 1089 2964; x_wconf 87' lang='lat' dir='ltr'><strong>multum</strong></span> <span class='ocrx_word' id='word_1_169' title='bbox 1106 2905 1251 2963; x_wconf 82' lang='lat' dir='ltr'><strong>confert:</strong></span> <span class='ocrx_word' id='word_1_170' title='bbox 1306 2929 1358 2969; x_wconf 80' lang='lat' dir='ltr'><strong>nm</strong></span> 
     </span>
     <span class='ocr_line' id='line_1_25' title="bbox 221 2985 1356 3068; baseline -0.001 -20"><span class='ocrx_word' id='word_1_171' title='bbox 221 2997 245 3030; x_wconf 86' lang='lat'>“</span> <span class='ocrx_word' id='word_1_172' title='bbox 266 2991 347 3048; x_wconf 83' lang='lat' dir='ltr'><strong>enirn</strong></span> <span class='ocrx_word' id='word_1_173' title='bbox 370 2994 504 3049; x_wconf 89' lang='lat' dir='ltr'><strong>Graecos</strong></span> <span class='ocrx_word' id='word_1_174' title='bbox 525 3005 581 3049; x_wconf 86' lang='lat' dir='ltr'><strong>aut</strong></span> <span class='ocrx_word' id='word_1_175' title='bbox 598 2992 725 3050; x_wconf 89' lang='lat' dir='ltr'><strong>Latinos</strong></span> <span class='ocrx_word' id='word_1_176' title='bbox 741 2991 880 3048; x_wconf 74' lang='lat' dir='ltr'><strong>auctores</strong></span> <span class='ocrx_word' id='word_1_177' title='bbox 897 2988 1036 3068; x_wconf 79' lang='lat' dir='ltr'><strong>legimus,</strong></span> <span class='ocrx_word' id='word_1_178' title='bbox 1059 2985 1091 3044; x_wconf 91' lang='lat' dir='ltr'><strong>in</strong></span> <span class='ocrx_word' id='word_1_179' title='bbox 1108 2986 1218 3063; x_wconf 85' lang='lat' dir='ltr'><strong>quibus</strong></span> <span class='ocrx_word' id='word_1_180' title='bbox 1233 2985 1356 3066; x_wconf 87' lang='lat' dir='ltr'><strong>aliquid</strong></span> 
     </span>
     <span class='ocr_line' id='line_1_26' title="bbox 220 3065 1357 3150; baseline -0.001 -20"><span class='ocrx_word' id='word_1_181' title='bbox 220 3077 245 3110; x_wconf 81' lang='lat'>“</span> <span class='ocrx_word' id='word_1_182' title='bbox 266 3069 420 3130; x_wconf 84' lang='lat' dir='ltr'><strong>difficilius</strong></span> <span class='ocrx_word' id='word_1_183' title='bbox 435 3073 582 3144; x_wconf 88' lang='lat' dir='ltr'><strong>occurrit,</strong></span> <span class='ocrx_word' id='word_1_184' title='bbox 605 3070 687 3150; x_wconf 90' lang='lat' dir='ltr'><strong>quod</strong></span> <span class='ocrx_word' id='word_1_185' title='bbox 702 3070 784 3128; x_wconf 88' lang='lat' dir='ltr'><strong>vocis</strong></span> <span class='ocrx_word' id='word_1_186' title='bbox 800 3069 929 3146; x_wconf 88' lang='lat' dir='ltr'><strong>alicujus</strong></span> <span class='ocrx_word' id='word_1_187' title='bbox 945 3087 1019 3126; x_wconf 87' lang='lat' dir='ltr'><strong>vera</strong></span> <span class='ocrx_word' id='word_1_188' title='bbox 1033 3081 1066 3126; x_wconf 89' lang='lat' dir='ltr'><strong>et</strong></span> <span class='ocrx_word' id='word_1_189' title='bbox 1086 3067 1221 3146; x_wconf 87' lang='lat' dir='ltr'><strong>genuina</strong></span> <span class='ocrx_word' id='word_1_190' title='bbox 1241 3065 1357 3148; x_wconf 83' lang='lat' dir='ltr'><strong>fignifi-</strong></span> 
     </span>
     <span class='ocr_line' id='line_1_27' title="bbox 221 3147 1358 3230; baseline 0 -20"><span class='ocrx_word' id='word_1_191' title='bbox 221 3159 245 3191; x_wconf 86' lang='lat'><strong>“</strong></span> <span class='ocrx_word' id='word_1_192' title='bbox 266 3152 348 3210; x_wconf 90' lang='lat' dir='ltr'><strong>catio</strong></span> <span class='ocrx_word' id='word_1_193' title='bbox 360 3153 534 3226; x_wconf 71' lang='lat' dir='ltr'><strong>inroretur,</strong></span> <span class='ocrx_word' id='word_1_194' title='bbox 551 3152 586 3210; x_wconf 90' lang='lat' dir='ltr'><strong>in</strong></span> <span class='ocrx_word' id='word_1_195' title='bbox 601 3167 747 3230; x_wconf 86' lang='lat' dir='ltr'><strong>promptu</strong></span> <span class='ocrx_word' id='word_1_196' title='bbox 760 3149 802 3208; x_wconf 87' lang='lat' dir='ltr'><strong>ost</strong></span> <span class='ocrx_word' id='word_1_197' title='bbox 818 3151 896 3207; x_wconf 89' lang='lat' dir='ltr'><strong>alios</strong></span> <span class='ocrx_word' id='word_1_198' title='bbox 911 3149 1044 3226; x_wconf 88' lang='lat' dir='ltr'><strong>ejusdem</strong></span> <span class='ocrx_word' id='word_1_199' title='bbox 1058 3147 1161 3227; x_wconf 88' lang='lat' dir='ltr'><strong>gentis</strong></span> <span class='ocrx_word' id='word_1_200' title='bbox 1177 3147 1358 3228; x_wconf 85' lang='lat' dir='ltr'><strong>scriptores,</strong></span> 
     </span>
    </p>
   </div>
   <div class='ocr_carea' id='block_1_14' title="bbox 220 3203 1447 3330">
    <p class='ocr_par' dir='ltr' id='par_1_14' title="bbox 220 3203 1447 3330">
     <span class='ocr_line' id='line_1_28' title="bbox 220 3203 1447 3330; baseline 0 -40"><span class='ocrx_word' id='word_1_201' title='bbox 220 3240 244 3273; x_wconf 84' lang='lat'><strong><em>“</em></strong></span> <span class='ocrx_word' id='word_1_202' title='bbox 265 3235 317 3330; x_wconf 66' lang='lat' dir='ltr'><strong>gui</strong></span> <span class='ocrx_word' id='word_1_203' title='bbox 333 3203 438 3292; x_wconf 70' lang='lat' dir='ltr'><strong>eadem</strong></span> <span class='ocrx_word' id='word_1_204' title='bbox 454 3253 528 3292; x_wconf 73' lang='lat' dir='ltr'><strong>voce</strong></span> <span class='ocrx_word' id='word_1_205' title='bbox 543 3231 588 3290; x_wconf 85' lang='lat' dir='ltr'><strong>usl</strong></span> <span class='ocrx_word' id='word_1_206' title='bbox 604 3233 684 3304; x_wconf 87' lang='lat' dir='ltr'><strong>sunt,</strong></span> <span class='ocrx_word' id='word_1_207' title='bbox 701 3231 798 3300; x_wconf 90' lang='lat' dir='ltr'><strong>adire,</strong></span> <span class='ocrx_word' id='word_1_208' title='bbox 815 3229 898 3287; x_wconf 90' lang='lat' dir='ltr'><strong>uude</strong></span> <span class='ocrx_word' id='word_1_209' title='bbox 912 3231 1012 3288; x_wconf 90' lang='lat' dir='ltr'><strong>lucem</strong></span> <span class='ocrx_word' id='word_1_210' title='bbox 1028 3229 1185 3286; x_wconf 87' lang='lat' dir='ltr'><strong>foenerari</strong></span> <span class='ocrx_word' id='word_1_211' title='bbox 1200 3229 1358 3312; x_wconf 59' lang='lat' dir='ltr'><strong>pollinem,</strong></span> <span class='ocrx_word' id='word_1_212' title='bbox 1445 3267 1447 3300; x_wconf 41' lang='grc' dir='ltr'><strong>ι</strong></span> 
     </span>
    </p>
   </div>
   <div class='ocr_carea' id='block_1_15' title="bbox 219 3309 1362 3408">
    <p class='ocr_par' dir='ltr' id='par_1_15' title="bbox 219 3309 1362 3408">
     <span class='ocr_line' id='line_1_29' title="bbox 219 3309 1362 3408; baseline -0.005 -32"><span class='ocrx_word' id='word_1_213' title='bbox 219 3323 243 3356; x_wconf 88' lang='lat'><strong>“</strong></span> <span class='ocrx_word' id='word_1_214' title='bbox 264 3330 298 3376; x_wconf 86' lang='lat' dir='ltr'><strong>et</strong></span> <span class='ocrx_word' id='word_1_215' title='bbox 307 3316 437 3392; x_wconf 82' lang='lat' dir='ltr'><strong>alicujus</strong></span> <span class='ocrx_word' id='word_1_216' title='bbox 447 3315 530 3371; x_wconf 87' lang='lat' dir='ltr'><strong>vocis</strong></span> <span class='ocrx_word' id='word_1_217' title='bbox 543 3315 594 3370; x_wconf 67' lang='lat' dir='ltr'><strong>vel</strong></span> <span class='ocrx_word' id='word_1_218' title='bbox 607 3313 754 3390; x_wconf 83' lang='lat' dir='ltr'><strong>phraseos</strong></span> <span class='ocrx_word' id='word_1_219' title='bbox 764 3309 1015 3388; x_wconf 78' lang='lat' dir='ltr'><strong>significationem</strong></span> <span class='ocrx_word' id='word_1_220' title='bbox 1032 3309 1227 3388; x_wconf 80' lang='lat' dir='ltr'><strong>investigare.</strong></span> <span class='ocrx_word' id='word_1_221' title='bbox 1251 3315 1362 3408; x_wconf 64' lang='lat' dir='ltr'><strong>Longe</strong></span> 
     </span>
    </p>
   </div>
   <div class='ocr_carea' id='block_1_16' title="bbox 203 3390 1385 3472">
    <p class='ocr_par' dir='ltr' id='par_1_16' title="bbox 203 3390 1385 3472">
     <span class='ocr_line' id='line_1_30' title="bbox 203 3390 1385 3472; baseline -0.014 -14"><span class='ocrx_word' id='word_1_222' title='bbox 203 3403 243 3459; x_wconf 87' lang='lat'><strong>.“</strong></span> <span class='ocrx_word' id='word_1_223' title='bbox 263 3399 358 3458; x_wconf 90' lang='lat' dir='ltr'><strong>aliter</strong></span> <span class='ocrx_word' id='word_1_224' title='bbox 374 3399 403 3455; x_wconf 87' lang='lat' dir='ltr'><strong>sc</strong></span> <span class='ocrx_word' id='word_1_225' title='bbox 419 3414 467 3454; x_wconf 90' lang='lat' dir='ltr'><strong>res</strong></span> <span class='ocrx_word' id='word_1_226' title='bbox 481 3394 576 3452; x_wconf 91' lang='lat' dir='ltr'><strong>habet</strong></span> <span class='ocrx_word' id='word_1_227' title='bbox 598 3392 633 3450; x_wconf 89' lang='lat' dir='ltr'><strong>in</strong></span> <span class='ocrx_word' id='word_1_228' title='bbox 653 3390 758 3472; x_wconf 72' lang='lat' dir='ltr'><strong>lingua</strong></span> <span class='ocrx_word' id='word_1_229' title='bbox 775 3390 946 3466; x_wconf 74' lang='lat' dir='ltr'><strong>Hebraiei,¹</strong></span> <span class='ocrx_word' id='word_1_230' title='bbox 958 3392 991 3449; x_wconf 93' lang='lat' dir='ltr'><strong>in</strong></span> <span class='ocrx_word' id='word_1_231' title='bbox 1007 3391 1064 3470; x_wconf 78' lang='lat' dir='ltr'><strong>qui</strong></span> <span class='ocrx_word' id='word_1_232' title='bbox 1079 3391 1171 3449; x_wconf 86' lang='lat' dir='ltr'><strong>unica</strong></span> <span class='ocrx_word' id='word_1_233' title='bbox 1187 3390 1288 3450; x_wconf 84' lang='lat' dir='ltr'><strong>Biblia</strong></span> <span class='ocrx_word' id='word_1_234' title='bbox 1302 3415 1357 3454; x_wconf 79' lang='lat' dir='ltr'><strong>ex.</strong></span> <span class='ocrx_word' id='word_1_235' title='bbox 1382 3417 1385 3426; x_wconf 90' lang='lat'><em>·</em></span> 
     </span>
    </p>
   </div>
   <div class='ocr_carea' id='block_1_17' title="bbox 198 3472 1360 4383">
    <p class='ocr_par' dir='ltr' id='par_1_17' title="bbox 198 3472 1360 4383">
     <span class='ocr_line' id='line_1_31' title="bbox 218 3472 1357 3566; baseline 0.004 -26"><span class='ocrx_word' id='word_1_236' title='bbox 218 3495 241 3528; x_wconf 70' lang='lat' dir='ltr'><strong>‘t</strong></span> <span class='ocrx_word' id='word_1_237' title='bbox 262 3489 355 3563; x_wconf 80' lang='lat' dir='ltr'><strong>stant,</strong></span> <span class='ocrx_word' id='word_1_238' title='bbox 382 3487 415 3546; x_wconf 87' lang='lat' dir='ltr'><strong>in</strong></span> <span class='ocrx_word' id='word_1_239' title='bbox 441 3483 550 3564; x_wconf 88' lang='lat' dir='ltr'><strong>quibus</strong></span> <span class='ocrx_word' id='word_1_240' title='bbox 576 3483 674 3542; x_wconf 84' lang='lat' dir='ltr'><strong>multa</strong></span> <span class='ocrx_word' id='word_1_241' title='bbox 698 3481 769 3540; x_wconf 82' lang='lat' dir='ltr'><strong>sun&#39;t</strong></span> <span class='ocrx_word' id='word_1_242' title='bbox 796 3472 876 3550; x_wconf 70' lang='grc' dir='ltr'><strong>ἅπαξ</strong></span> <span class='ocrx_word' id='word_1_243' title='bbox 901 3503 1046 3562; x_wconf 72' lang='grc' dir='ltr'><strong>λεγομεια,</strong></span> <span class='ocrx_word' id='word_1_244' title='bbox 1072 3483 1194 3562; x_wconf 85' lang='lat' dir='ltr'><strong>aliaque</strong></span> <span class='ocrx_word' id='word_1_245' title='bbox 1214 3485 1357 3566; x_wconf 75' lang='lat' dir='ltr'><strong>obscum,</strong></span> 
     </span>
     <span class='ocr_line' id='line_1_32' title="bbox 217 3568 1360 3656; baseline 0.001 -21"><span class='ocrx_word' id='word_1_246' title='bbox 217 3583 241 3616; x_wconf 83' lang='lat'>“</span> <span class='ocrx_word' id='word_1_247' title='bbox 262 3595 391 3656; x_wconf 86' lang='lat' dir='ltr'><strong>quorum</strong></span> <span class='ocrx_word' id='word_1_248' title='bbox 414 3571 522 3642; x_wconf 84' lang='lat' dir='ltr'><strong>sensus,</strong></span> <span class='ocrx_word' id='word_1_249' title='bbox 544 3569 565 3628; x_wconf 84' lang='lat' dir='ltr'><strong>st</strong></span> <span class='ocrx_word' id='word_1_250' title='bbox 587 3569 679 3629; x_wconf 86' lang='lat' dir='ltr'><strong>modo</strong></span> <span class='ocrx_word' id='word_1_251' title='bbox 701 3568 890 3628; x_wconf 88' lang='lat' dir='ltr'><strong>adhibeatur</strong></span> <span class='ocrx_word' id='word_1_252' title='bbox 911 3591 981 3629; x_wconf 84' lang='lat' dir='ltr'><strong>acre</strong></span> <span class='ocrx_word' id='word_1_253' title='bbox 998 3571 1163 3648; x_wconf 85' lang='lat' dir='ltr'><strong>judicium,</strong></span> <span class='ocrx_word' id='word_1_254' title='bbox 1190 3591 1227 3631; x_wconf 88' lang='lat' dir='ltr'><strong>ex</strong></span> <span class='ocrx_word' id='word_1_255' title='bbox 1246 3573 1360 3656; x_wconf 74' lang='lat' dir='ltr'><strong>lingue</strong></span> 
     </span>
     <span class='ocr_line' id='line_1_33' title="bbox 199 3645 1358 3733; baseline -0.007 -16"><span class='ocrx_word' id='word_1_256' title='bbox 199 3645 242 3695; x_wconf 56' lang='lat'><strong>3“</strong></span> <span class='ocrx_word' id='word_1_257' title='bbox 261 3655 392 3718; x_wconf 78' lang='lat' dir='ltr'><strong>Arabici</strong></span> <span class='ocrx_word' id='word_1_258' title='bbox 407 3651 475 3710; x_wconf 88' lang='lat' dir='ltr'><strong>erui</strong></span> <span class='ocrx_word' id='word_1_259' title='bbox 490 3649 614 3727; x_wconf 83' lang='lat' dir='ltr'><strong>poffit.&#39;’</strong></span> <span class='ocrx_word' id='word_1_260' title='bbox 654 3649 727 3709; x_wconf 90' lang='lat' dir='ltr'><strong>Vid.</strong></span> <span class='ocrx_word' id='word_1_261' title='bbox 741 3653 819 3710; x_wconf 76' lang='lat' dir='ltr'><strong>ocii.</strong></span> <span class='ocrx_word' id='word_1_262' title='bbox 835 3651 943 3712; x_wconf 82' lang='lat' dir='ltr'><strong>Introd.</strong></span> <span class='ocrx_word' id='word_1_263' title='bbox 960 3653 999 3709; x_wconf 85' lang='lat' dir='ltr'><strong>ad</strong></span> <span class='ocrx_word' id='word_1_264' title='bbox 1010 3653 1098 3733; x_wconf 70' lang='lat' dir='ltr'><strong>Ling.‘</strong></span> <span class='ocrx_word' id='word_1_265' title='bbox 1110 3655 1218 3711; x_wconf 83' lang='lat' dir='ltr'><strong>Orient.</strong></span> <span class='ocrx_word' id='word_1_266' title='bbox 1237 3667 1268 3731; x_wconf 84' lang='lat' dir='ltr'><strong>p.</strong></span> <span class='ocrx_word' id='word_1_267' title='bbox 1285 3675 1358 3733; x_wconf 87' lang='lat'>117.</span> 
     </span>
     <span class='ocr_line' id='line_1_34' title="bbox 217 3730 1358 3827; baseline 0.002 -31"><span class='ocrx_word' id='word_1_268' title='bbox 217 3743 240 3777; x_wconf 84' lang='lat'><em>“</em></span> <span class='ocrx_word' id='word_1_269' title='bbox 262 3737 363 3810; x_wconf 81' lang='lat' dir='ltr'><strong>Addo,</strong></span> <span class='ocrx_word' id='word_1_270' title='bbox 380 3733 494 3792; x_wconf 81' lang='lat' dir='ltr'><strong>multas</strong></span> <span class='ocrx_word' id='word_1_271' title='bbox 509 3730 544 3788; x_wconf 90' lang='lat' dir='ltr'><strong>in</strong></span> <span class='ocrx_word' id='word_1_272' title='bbox 556 3730 707 3790; x_wconf 87' lang='lat' dir='ltr'><strong>Hebraeis</strong></span> <span class='ocrx_word' id='word_1_273' title='bbox 722 3734 949 3827; x_wconf 72' lang='lat' dir='ltr'><strong>lexicographis</strong></span> <span class='ocrx_word' id='word_1_274' title='bbox 964 3733 1080 3792; x_wconf 82' lang='lat' dir='ltr'><strong>exstare</strong></span> <span class='ocrx_word' id='word_1_275' title='bbox 1097 3751 1185 3794; x_wconf 87' lang='lat' dir='ltr'><strong>voees</strong></span> <span class='ocrx_word' id='word_1_276' title='bbox 1196 3736 1358 3816; x_wconf 72' lang='lat' dir='ltr'><strong>derivatas,</strong></span> 
     </span>
     <span class='ocr_line' id='line_1_35' title="bbox 217 3807 1358 3899; baseline -0.004 -25"><span class='ocrx_word' id='word_1_277' title='bbox 217 3826 241 3858; x_wconf 86' lang='lat'><strong>“</strong></span> <span class='ocrx_word' id='word_1_278' title='bbox 262 3839 340 3899; x_wconf 87' lang='lat' dir='ltr'><strong>quae</strong></span> <span class='ocrx_word' id='word_1_279' title='bbox 358 3835 426 3873; x_wconf 90' lang='lat' dir='ltr'><strong>cum</strong></span> <span class='ocrx_word' id='word_1_280' title='bbox 442 3815 599 3888; x_wconf 79' lang='lat' dir='ltr'><strong>primitivis</strong></span> <span class='ocrx_word' id='word_1_281' title='bbox 615 3807 735 3873; x_wconf 88' lang='lat' dir='ltr'><strong>&#39;nullam</strong></span> <span class='ocrx_word' id='word_1_282' title='bbox 751 3809 877 3872; x_wconf 78' lang='lat' dir='ltr'><strong>omnnib</strong></span> <span class='ocrx_word' id='word_1_283' title='bbox 893 3814 1009 3873; x_wconf 89' lang='lat' dir='ltr'><strong>habent</strong></span> <span class='ocrx_word' id='word_1_284' title='bbox 1023 3815 1219 3888; x_wconf 85' lang='lat' dir='ltr'><strong>affinitatem,</strong></span> <span class='ocrx_word' id='word_1_285' title='bbox 1241 3835 1279 3874; x_wconf 90' lang='lat' dir='ltr'><strong>eo</strong></span> <span class='ocrx_word' id='word_1_286' title='bbox 1297 3839 1358 3882; x_wconf 87' lang='lat' dir='ltr'><strong>no.</strong></span> 
     </span>
     <span class='ocr_line' id='line_1_36' title="bbox 216 3891 1358 3978; baseline 0.003 -23"><span class='ocrx_word' id='word_1_287' title='bbox 216 3905 240 3939; x_wconf 81' lang='lat'><strong>“</strong></span> <span class='ocrx_word' id='word_1_288' title='bbox 260 3899 345 3960; x_wconf 85' lang='lat' dir='ltr'><strong>mine</strong></span> <span class='ocrx_word' id='word_1_289' title='bbox 366 3891 449 3972; x_wconf 90' lang='lat' dir='ltr'><strong>quod</strong></span> <span class='ocrx_word' id='word_1_290' title='bbox 466 3893 682 3968; x_wconf 78' lang='lat' dir='ltr'><strong>primitivarum</strong></span> <span class='ocrx_word' id='word_1_291' title='bbox 703 3893 885 3976; x_wconf 82' lang='lat' dir='ltr'><strong>significatio</strong></span> <span class='ocrx_word' id='word_1_292' title='bbox 906 3896 945 3954; x_wconf 86' lang='lat' dir='ltr'><strong>ab</strong></span> <span class='ocrx_word' id='word_1_293' title='bbox 965 3893 1036 3974; x_wconf 85' lang='lat' dir='ltr'><strong>ipsis</strong></span> <span class='ocrx_word' id='word_1_294' title='bbox 1055 3896 1181 3978; x_wconf 84' lang='lat' dir='ltr'><strong>linguae</strong></span> <span class='ocrx_word' id='word_1_295' title='bbox 1202 3896 1358 3963; x_wconf 80' lang='lat' dir='ltr'><strong>Arabicae</strong></span> 
     </span>
     <span class='ocr_line' id='line_1_37' title="bbox 215 3973 1359 4056; baseline 0.005 -17"><span class='ocrx_word' id='word_1_296' title='bbox 215 3986 240 4018; x_wconf 86' lang='lat'><strong>“</strong></span> <span class='ocrx_word' id='word_1_297' title='bbox 259 3977 367 4040; x_wconf 87' lang='lat' dir='ltr'><strong>nesciis</strong></span> <span class='ocrx_word' id='word_1_298' title='bbox 383 3973 568 4052; x_wconf 85' lang='lat' dir='ltr'><strong>ignoretur:</strong></span> <span class='ocrx_word' id='word_1_299' title='bbox 592 3975 687 4051; x_wconf 85' lang='lat' dir='ltr'><strong>Cujus</strong></span> <span class='ocrx_word' id='word_1_300' title='bbox 699 3979 759 4051; x_wconf 90' lang='lat' dir='ltr'><strong>rei,</strong></span> <span class='ocrx_word' id='word_1_301' title='bbox 776 3975 859 4056; x_wconf 84' lang='lat' dir='ltr'><strong>quod</strong></span> <span class='ocrx_word' id='word_1_302' title='bbox 873 3977 1023 4036; x_wconf 84' lang='lat' dir='ltr'><strong>brevitati</strong></span> <span class='ocrx_word' id='word_1_303' title='bbox 1035 3978 1202 4050; x_wconf 87' lang='lat' dir='ltr'><strong>consulam,</strong></span> <span class='ocrx_word' id='word_1_304' title='bbox 1218 3994 1359 4056; x_wconf 87' lang='lat' dir='ltr'><strong>quatuor</strong></span> 
     </span>
     <span class='ocr_line' id='line_1_38' title="bbox 215 4051 1279 4137; baseline 0.006 -23"><span class='ocrx_word' id='word_1_305' title='bbox 215 4067 239 4099; x_wconf 83' lang='lat'><strong>“</strong></span> <span class='ocrx_word' id='word_1_306' title='bbox 261 4051 452 4118; x_wconf 89' lang='lat' dir='ltr'><strong>solummodo</strong></span> <span class='ocrx_word' id='word_1_307' title='bbox 468 4054 610 4132; x_wconf 83' lang='lat' dir='ltr'><strong>exempla</strong></span> <span class='ocrx_word' id='word_1_308' title='bbox 625 4057 797 4134; x_wconf 83' lang='lat' dir='ltr'><strong>proferam,</strong></span> <span class='ocrx_word' id='word_1_309' title='bbox 820 4057 898 4116; x_wconf 78' lang='lat' dir='ltr'><strong>ec.’&#39;</strong></span> <span class='ocrx_word' id='word_1_310' title='bbox 939 4057 1011 4120; x_wconf 89' lang='lat' dir='ltr'><strong>Vid.</strong></span> <span class='ocrx_word' id='word_1_311' title='bbox 1028 4058 1151 4136; x_wconf 73' lang='lat' dir='ltr'><strong>locum,</strong></span> <span class='ocrx_word' id='word_1_312' title='bbox 1159 4071 1192 4137; x_wconf 83' lang='lat' dir='ltr'><strong>p.</strong></span> <span class='ocrx_word' id='word_1_313' title='bbox 1212 4061 1279 4120; x_wconf 86' lang='lat'>118.</span> 
     </span>
     <span class='ocr_line' id='line_1_39' title="bbox 253 4133 1355 4220; baseline 0.011 -26"><span class='ocrx_word' id='word_1_314' title='bbox 253 4143 276 4174; x_wconf 88' lang='lat'><em>“</em></span> <span class='ocrx_word' id='word_1_315' title='bbox 299 4141 310 4195; x_wconf 95' lang='lat' dir='ltr'><strong>l</strong></span> <span class='ocrx_word' id='word_1_316' title='bbox 326 4135 443 4214; x_wconf 88' lang='lat' dir='ltr'><strong>lightly</strong></span> <span class='ocrx_word' id='word_1_317' title='bbox 466 4133 571 4216; x_wconf 89' lang='lat' dir='ltr'><strong>(addit</strong></span> <span class='ocrx_word' id='word_1_318' title='bbox 581 4135 798 4218; x_wconf 70' lang='lat' dir='ltr'><strong>idem-auctor)</strong></span> <span class='ocrx_word' id='word_1_319' title='bbox 820 4139 955 4199; x_wconf 88' lang='lat' dir='ltr'><strong>touched</strong></span> <span class='ocrx_word' id='word_1_320' title='bbox 970 4159 1056 4219; x_wconf 87' lang='lat' dir='ltr'><strong>upon</strong></span> <span class='ocrx_word' id='word_1_321' title='bbox 1070 4141 1145 4214; x_wconf 85' lang='lat' dir='ltr'><strong>thia,</strong></span> <span class='ocrx_word' id='word_1_322' title='bbox 1164 4141 1240 4220; x_wconf 85' lang='lat' dir='ltr'><strong>only</strong></span> <span class='ocrx_word' id='word_1_323' title='bbox 1255 4155 1289 4203; x_wconf 88' lang='lat' dir='ltr'><strong>to</strong></span> <span class='ocrx_word' id='word_1_324' title='bbox 1305 4141 1355 4206; x_wconf 83' lang='lat' dir='ltr'><strong>in·</strong></span> 
     </span>
     <span class='ocr_line' id='line_1_40' title="bbox 198 4214 1356 4304; baseline 0.011 -31"><span class='ocrx_word' id='word_1_325' title='bbox 198 4223 239 4280; x_wconf 81' lang='lat'><strong>,“</strong></span> <span class='ocrx_word' id='word_1_326' title='bbox 259 4217 342 4280; x_wconf 88' lang='lat' dir='ltr'><strong>form</strong></span> <span class='ocrx_word' id='word_1_327' title='bbox 357 4218 445 4274; x_wconf 89' lang='lat' dir='ltr'><strong>those</strong></span> <span class='ocrx_word' id='word_1_328' title='bbox 461 4214 587 4275; x_wconf 87' lang='lat' dir='ltr'><strong>readers</strong></span> <span class='ocrx_word' id='word_1_329' title='bbox 601 4221 672 4278; x_wconf 83' lang='lat' dir='ltr'><strong>who</strong></span> <span class='ocrx_word' id='word_1_330' title='bbox 688 4221 790 4300; x_wconf 84' lang='lat' dir='ltr'><strong>might</strong></span> <span class='ocrx_word' id='word_1_331' title='bbox 805 4220 933 4301; x_wconf 84' lang='lat' dir='ltr'><strong>poffihly</strong></span> <span class='ocrx_word' id='word_1_332' title='bbox 949 4222 985 4280; x_wconf 89' lang='lat' dir='ltr'><strong>be</strong></span> <span class='ocrx_word' id='word_1_333' title='bbox 1000 4223 1149 4304; x_wconf 86' lang='lat' dir='ltr'><strong>ignorant</strong></span> <span class='ocrx_word' id='word_1_334' title='bbox 1164 4221 1203 4281; x_wconf 89' lang='lat' dir='ltr'><strong>of</strong></span> <span class='ocrx_word' id='word_1_335' title='bbox 1218 4223 1258 4299; x_wconf 86' lang='lat' dir='ltr'><strong>it,</strong></span> <span class='ocrx_word' id='word_1_336' title='bbox 1280 4227 1356 4288; x_wconf 85' lang='lat' dir='ltr'><strong>that</strong></span> 
     </span>
     <span class='ocr_line' id='line_1_41' title="bbox 213 4298 1357 4383; baseline 0.01 -29"><span class='ocrx_word' id='word_1_337' title='bbox 213 4305 236 4335; x_wconf 87' lang='lat'><em>“</em></span> <span class='ocrx_word' id='word_1_338' title='bbox 259 4301 313 4356; x_wconf 91' lang='lat' dir='ltr'><strong>the</strong></span> <span class='ocrx_word' id='word_1_339' title='bbox 329 4299 453 4375; x_wconf 88' lang='lat' dir='ltr'><strong>present</strong></span> <span class='ocrx_word' id='word_1_340' title='bbox 469 4298 605 4376; x_wconf 71' lang='lat' dir='ltr'><strong>prastice</strong></span> <span class='ocrx_word' id='word_1_341' title='bbox 622 4299 684 4358; x_wconf 86' lang='lat' dir='ltr'><strong>and</strong></span> <span class='ocrx_word' id='word_1_342' title='bbox 699 4299 852 4383; x_wconf 80' lang='lat' dir='ltr'><strong>lauguage</strong></span> <span class='ocrx_word' id='word_1_343' title='bbox 863 4303 902 4362; x_wconf 89' lang='lat' dir='ltr'><strong>of</strong></span> <span class='ocrx_word' id='word_1_344' title='bbox 913 4305 966 4362; x_wconf 85' lang='lat' dir='ltr'><strong>tlte</strong></span> <span class='ocrx_word' id='word_1_345' title='bbox 978 4307 1224 4364; x_wconf 82' lang='lat' dir='ltr'><strong>Mohomtnetans</strong></span> <span class='ocrx_word' id='word_1_346' title='bbox 1235 4311 1357 4370; x_wconf 82' lang='lat' dir='ltr'><strong>arethe</strong></span> 
     </span>
    </p>
   </div>
   <div class='ocr_carea' id='block_1_18' title="bbox 214 4379 1391 4456">
    <p class='ocr_par' dir='ltr' id='par_1_18' title="bbox 214 4379 1391 4456">
     <span class='ocr_line' id='line_1_42' title="bbox 214 4379 1391 4456; baseline 0.008 -20"><span class='ocrx_word' id='word_1_347' title='bbox 214 4383 237 4416; x_wconf 88' lang='lat'><strong>“</strong></span> <span class='ocrx_word' id='word_1_348' title='bbox 257 4379 321 4436; x_wconf 83' lang='lat' dir='ltr'><strong>bell</strong></span> <span class='ocrx_word' id='word_1_349' title='bbox 344 4391 500 4436; x_wconf 87' lang='lat' dir='ltr'><strong>comment</strong></span> <span class='ocrx_word' id='word_1_350' title='bbox 522 4397 606 4456; x_wconf 87' lang='lat' dir='ltr'><strong>upon</strong></span> <span class='ocrx_word' id='word_1_351' title='bbox 628 4385 682 4440; x_wconf 90' lang='lat' dir='ltr'><strong>the</strong></span> <span class='ocrx_word' id='word_1_352' title='bbox 698 4383 761 4440; x_wconf 89' lang='lat' dir='ltr'><strong>Old</strong></span> <span class='ocrx_word' id='word_1_353' title='bbox 778 4383 958 4447; x_wconf 87' lang='lat' dir='ltr'><strong>Testament</strong></span> <span class='ocrx_word' id='word_1_354' title='bbox 972 4385 1130 4448; x_wconf 80' lang='lat' dir='ltr'><strong>extantin</strong></span> <span class='ocrx_word' id='word_1_355' title='bbox 1145 4389 1201 4447; x_wconf 88' lang='lat' dir='ltr'><strong>the</strong></span> <span class='ocrx_word' id='word_1_356' title='bbox 1217 4387 1354 4450; x_wconf 84' lang='lat' dir='ltr'><strong>world.”</strong></span> <span class='ocrx_word' id='word_1_357' title='bbox 1387 4403 1391 4414; x_wconf 89' lang='grc'>’</span> 
     </span>
    </p>
   </div>
   <div class='ocr_carea' id='block_1_19' title="bbox 197 4445 1355 4556">
    <p class='ocr_par' dir='ltr' id='par_1_19' title="bbox 197 4445 1355 4556">
     <span class='ocr_line' id='line_1_43' title="bbox 197 4445 1355 4556; baseline 0.009 -36"><span class='ocrx_word' id='word_1_358' title='bbox 197 4459 289 4556; x_wconf 76' lang='lat' dir='ltr'><strong>¹Vid.</strong></span> <span class='ocrx_word' id='word_1_359' title='bbox 307 4445 432 4534; x_wconf 73' lang='lat' dir='ltr'><strong>dcliey’s</strong></span> <span class='ocrx_word' id='word_1_360' title='bbox 456 4457 578 4538; x_wconf 68' lang='lat' dir='ltr'><strong>Preface</strong></span> <span class='ocrx_word' id='word_1_361' title='bbox 600 4473 627 4520; x_wconf 82' lang='lat' dir='ltr'><strong>to</strong></span> <span class='ocrx_word' id='word_1_362' title='bbox 650 4485 689 4522; x_wconf 82' lang='lat' dir='ltr'><strong>an</strong></span> <span class='ocrx_word' id='word_1_363' title='bbox 711 4479 830 4524; x_wconf 84' lang='lat' dir='ltr'><strong>account</strong></span> <span class='ocrx_word' id='word_1_364' title='bbox 846 4464 883 4546; x_wconf 86' lang='lat' dir='ltr'><strong>⁰s</strong></span> <span class='ocrx_word' id='word_1_365' title='bbox 894 4469 924 4529; x_wconf 89' lang='lat' dir='ltr'><strong>S.</strong></span> <span class='ocrx_word' id='word_1_366' title='bbox 938 4468 982 4530; x_wconf 86' lang='lat' dir='ltr'><strong>W.</strong></span> <span class='ocrx_word' id='word_1_367' title='bbox 1001 4465 1146 4548; x_wconf 78' lang='lat' dir='ltr'><strong>Barbary,</strong></span> <span class='ocrx_word' id='word_1_368' title='bbox 1162 4483 1196 4550; x_wconf 86' lang='lat' dir='ltr'><strong>p.</strong></span> <span class='ocrx_word' id='word_1_369' title='bbox 1216 4471 1263 4534; x_wconf 82' lang='lat'><strong>18.</strong></span> <span class='ocrx_word' id='word_1_370' title='bbox 1285 4471 1355 4532; x_wconf 74' lang='lat'><strong>80⁰.</strong></span> 
     </span>
    </p>
   </div>
   <div class='ocr_carea' id='block_1_20' title="bbox 0 0 1471 4832">
    <p class='ocr_par' dir='ltr' id='par_1_20' title="bbox 0 0 1471 4832">
     <span class='ocr_line' id='line_1_44' title="bbox 0 0 1471 4832; baseline 0 0"><span class='ocrx_word' id='word_1_371' title='bbox 0 0 1471 4832; x_wconf 95' lang='lat' dir='ltr'><strong> </strong></span> 
     </span>
    </p>
   </div>
  </div>
 </body>
</html>
