2912 4826
142 181 225 294 468
302 183 565 276 chnvrs
636 187 1158 273 PENTATEUCHI.

148 405 271 492 3207.
304 383 417 479 ‘lsllsl
449 379 717 492 Recolligetnr,
755 382 891 492 asing.
918 387 946 466 s.
977 386 1073 482 hill!
1093 411 1115 486 3
1138 385 1229 492 frug.
1256 413 1313 468 m.
1428 423 1431 431 ·

203 493 274 580 sut.
309 493 419 590 henr·
451 495 616 600 recolligi
645 501 681 574 in
712 515 877 588 coetum,
908 496 1317 584 reconvalescam

205 603 319 712 lepra,
353 603 421 682 iul.
452 603 546 712 asp·
580 609 923 713 hsslllrecollestus‘,
953 629 1119 716 receptus
1138 607 1221 688 snit.
1262 607 1317 689 To

204 716 245 796 be
257 713 437 824 garbered,
467 715 699 796 re-adnined
716 725 788 800 into
805 745 829 796 a
842 723 969 831 sociem
985 717 1083 829 frum
1103 721 1220 800 which
1239 721 1317 828 they
1401 783 1406 790 -

205 854 303 908 were
319 823 482 930 expelled.
542 831 602 908 Ab
621 829 701 928 'th
723 833 875 940 collegit
897 833 987 940 (e).,
1024 865 1032 870 ·

308 1073 412 1156 CA
443 1073 474 1156 Ρ
504 1072 607 1156 UT
664 1075 780 1158 XIII.
869 1073 1050 1163 varana
1089 1105 1153 1210 ¹9·

13 1237 15 1244 Ι
154 1275 274 1383 3208.
296 1272 466 1374 Ε’Ἱῖζιῷ
486 1271 601 1424 PL·
637 1271 935 1402 adalhelmus
968 1275 1181 1406 praeseslus,
1214 1301 1316 1384 prae·

594 1401 746 1490 ruptus:
777 1385 875 1464 Hinc
896 1392 997 1466 locus
1022 1406 1197 1479 munitus,
1227 1396 1254 1466 i.
1278 1417 1307 1470 e.

207 1491 407 1603 praestans
426 1493 476 1576 ab
493 1493 636 1576 accessu
649 1525 669 1594 Ις
698 1491 745 1572 fic
765 1496 895 1597 dl'mtl'p
911 1503 978 1592 'ry
1008 1503 1092 1607 urbs
1119 1496 1316 1606 praesesla,

696 1639 702 1655 ·
1106 1619 1315 1716 praerupta,

96 1749 99 1760 ’
152 1753 194 1823 Er
210 1751 315 1820 Paulus
329 1751 454 1818 restatur
468 1773 538 1820 enm
555 1753 645 1819 lidnrn
662 1751 811 1835 (alludens
821 1745 960 1828 adimi]
975 1750 1005 1816 ln
1021 1750 1173 1835 hocloco)
1190 1749 1271 1816 soille
1284 1751 1318 1828 in

153 1865 223 1916 rota
254 1851 355 1912 domo
381 1848 455 1924 Dei.
488 1871 524 1917 ne
547 1851 700 1933 preproperi
721 1871 774 1914 ror
799 1836 1020 1928 nennlmoprnir
1046 1849 1079 1914 in
1103 1848 1318 1912 testimonium

152 1961 259 2006 eorum
275 1959 349 2024 quae
364 1937 431 2022 post
445 1937 569 2015 dicenda
587 1932 666 2010 sunt,
689 1935 769 2000 Heb.
784 1933 827 1998 iii·
842 1956 870 2016 ς.
894 1934 942 2000 Sic
958 1953 987 2000 ut
1001 1936 1103 2002 omnia
1117 1959 1193 2022 quae
1208 1935 1239 2002 in
1255 1956 1318 2002 tra·

13 2091 15 2100 ,
153 2028 255 2099 denda
267 2025 455 2090 Testamenti
468 2023 552 2087 Novi
570 2021 707 2088 domina
722 2021 873 2095 dicuntur,
895 2021 1102 2088 tessimonium
1118 2023 1148 2089 in
1161 2017 1248 2089 Mose
1264 2024 1320 2088 ha·

151 2109 228 2176 here
241 2110 383 2191 debeant,
398 2112 432 2172 ad
447 2106 539 2175 Moses
550 2107 718 2174 doslrinmn
734 2104 912 2182 examinari,
928 2125 1014 2192 atque
1027 2130 1066 2173 ex
1080 2130 1115 2174 ea
1130 2107 1317 2189 confirmari,

152 2196 271 2282 semper
284 2191 465 2262 illud'lsaiae
478 2195 615 2272 obtinet,
638 2197 662 2232 “
679 2195 724 2258 Ad
739 2194 838 2280 legem
856 2207 888 2256 et
904 2193 1118 2275 testimonium,
1140 2195 1241 2279 siquis
1256 2215 1317 2263 non

154 2287 178 2322 ‘⁴
204 2285 339 2369 loquatur
353 2284 389 2348 ad
409 2282 493 2348 illam
517 2278 709 2358 sententiam,
734 2301 794 2345 non
809 2276 867 2341 erit
883 2276 943 2342 illis
957 2299 1076 2362 aurum,
1099 2301 1164 2367 cap.
1181 2280 1233 2344 vii.
1249 2283 1319 2346 aes·

152 2367 200 2436 Ea
214 2391 282 2434 eum
298 2361 413 2442 o‘nrnia,
450 2389 503 2434 nae
515 2388 603 2453 quam
620 2365 750 2432 maxime
763 2363 923 2450 spiritualia
936 2361 1003 2432 sunt
1019 2365 1049 2432 in
1063 2365 1237 2456 evangelio,
1251 2363 1320 2431 sunt

17 2523 21 2534 ,
152 2389 592 2542 iomplententnmigurarum
608 2449 724 2517 Molis:
748 2451 786 2515 Et
804 2471 893 2534 qumn
917 2448 1050 2516 Mosaiea
1068 2454 1201 2518 dodlrina
1223 2451 1319 2554 figura

153 2541 199 2620 fir,
222 2561 259 2605 eo
282 2538 345 2624 ipso
369 2539 436 2604 snae
454 2537 688 2605 evanescentiae
713 2538 848 2602 eontinet
866 2535 1091 2604 rellirnoniuma
1116 2540 1173 2603 Sed
1187 2533 1322 2626 gloriosa

153 2627 206 2693 illa
220 2625 442 2704 evanescentia,
466 2623 638 2712 ampliffima
653 2625 714 2709 ejus
728 2622 932 2701 confirmatio,
953 2623 995 2688 uti
1007 2625 1167 2714 eleganter
1181 2623 1318 2708 ohl'erya·

153 2712 200 2778 ιιι
214 2709 342 2776 summus
355 2729 386 2774 et
400 2709 510 2776 noeirs.
527 2711 721 2796 Theologus,
739 2707 875 2773 Witliue.
901 2709 967 2775 Vid.
983 2711 1045 2796 ejus
1066 2711 1227 2776 miscellan.
1245 2711 1321 2777 sacr.
1421 2791 1425 2798 ι

153 2815 219 2864 tom
238 2799 262 2860 1.
285 2815 312 2880 p.
332 2797 589 2876 44.-···Omnes
605 2795 772 2882 prophetae
788 2793 852 2880 post
865 2791 986 2877 Mosen,
1009 2815 1123 2862 tantum
1139 2797 1318 2884 interpreter

154 2901 241 2950 erant
258 2883 333 2969 legia
346 2881 500 2948 Mosaicae
514 2910 524 2960 ς
547 2881 643 2947 nullut
657 2879 737 2945 eninr
755 2881 808 2944 tali
823 2881 998 2946 ausioritate
1012 2879 1130 2969 gauisus
1143 2882 1185 2948 eil
1198 2903 1234 2946 ac
1248 2882 1319 2947 Mn·

153 2967 209 3044 seu,
234 2987 351 3052 praeter
362 2967 448 3034 illurn
464 2967 657 3056 prophetam,
677 2985 765 3050 quem
785 2965 870 3030 Dent
882 2969 1031 3053 pollicitus
1045 2968 1101 3047 est,
1124 2967 1152 3033 se
1169 2968 1320 3036 missurum

153 3057 211 3123 else
225 3055 354 3122 similem
374 3053 463 3135 Mos,
486 3053 579 3120 Dent.
591 3053 678 3119 xviii.
695 3069 741 3134 15.
759 3051 1002 3120 18.--Versna
1016 3055 1138 3122 οᾶοιοι
1153 3075 1168 3120 a
1185 3055 1321 3142 plurimis

152 3141 366 3228 interpretibus
381 3139 421 3206 stc
437 3139 574 3222 vertitur,
594 3161 645 3206 ore
656 3143 695 3204 nd
705 3161 736 3203 os
750 3139 881 3236 alloquar
894 3159 975 3216 eum,
993 3161 1054 3206 non
1067 3161 1138 3208 vero
1150 3159 1204 3226 per
1215 3141 1320 3229 aenig-

154 3247 264 3305 mata;
293 3245 324 3294 et
349 3223 573 3292 similitudinem
597 3225 734 3310 Jehovae
758 3224 844 3290 vidit.
886 3225 942 3290 Sed
966 3226 1074 3292 melius
1096 3225 1234 3314 vulgatus
1254 3227 1321 3305 hic,

154 3331 216 3383 non
233 3335 286 3399 per
300 3314 472 3399 aenigmata
485 3330 518 3379 et
533 3312 642 3400 figuras
658 3309 827 3380 Dominum
844 3312 1093 3410 contemplatur:
1117 3312 1199 3378 Nam
1215 3313 1321 3384 coatia

153 3399 199 3470 est
236 3402 296 3465 rior
308 3398 532 3484 interpretatio,
548 3396 854 3466 consimilitudinem
872 3395 932 3464 Dei
947 3396 1047 3464 vrdilse
1063 3397 1147 3464 nullo
1163 3395 1246 3464 sensu
1261 3399 1321 3466 dici

153 3509 195 3576 po
228 3504 263 3552 t:
285 3485 369 3551 Natu
384 3505 444 3549 non
461 3484 537 3550 vidit
558 3485 661 3552 Moser
679 3483 772 3548 etiam
790 3479 1013 3551 similitudinem
1031 3485 1120 3550 ullam
1138 3503 1260 3550 naturae
1277 3485 1321 3556 di·

153 3573 255 3649 rinae,
279 3589 310 3636 ot
333 3567 396 3656 ipse
419 3569 556 3650 rellatnr,
580 3573 671 3636 Dent.
692 3569 731 3634 in.
757 3583 804 3648 15.
849 3565 978 3637 Praestat
1001 3567 1094 3658 igitur
1115 3587 1232 3638 uertere
1255 3569 1320 3648 lic:

153 3669 180 3704 «ι
204 3657 295 3724 With
310 3656 372 3723 hirn
390 3655 480 3721 willI
499 3653 590 3742 spealt
606 3656 711 3723 mouth
730 3671 762 3719 ιο
778 3654 883 3720 'mouth
902 3679 913 3730 ς
944 3675 1021 3722 even
1046 3657 1237 3741 apparently,
1262 3657 1321 3726 auti

154 3751 180 3786 “
199 3762 254 3811 nor
269 3744 300 3808 in
315 3743 390 3809 dark
406 3739 545 3828 speechea
560 3743 617 3808 and
633 3740 754 3830 figures,
777 3739 845 3805 shall
866 3741 906 3806 he
925 3741 1034 3807 helroltl
1060 3741 1111 3807 rhe
1126 3739 1222 3822 Lord,
1241 3743 1322 3810 Μ’

152 3831 246 3898 Thur
262 3829 315 3895 the
329 3829 443 3894 Arabic
458 3825 595 3896 version:
618 3834 642 3868 ‘⁶
665 3829 677 3892 l
692 3823 780 3911 speelr
795 3845 828 3890 tu
843 3824 905 3892 him
923 3827 1047 3896 without
1063 3847 1080 3893 a
1097 3831 1240 3909 medium,
1262 3828 1322 3894 and
1338 3869 1341 3875 ι

154 3921 180 3986 l‘
204 3917 243 3982 he
259 3913 320 3982 sees
333 3910 446 3982 rifiona
463 3913 563 3980 notin
581 3935 597 3977 a
612 3915 687 3980 darlr
705 3912 902 4000 enigmatictl
919 3933 996 4000 may,
1020 3915 1077 3979 and
1090 3911 1127 3999 hy
1142 3911 1321 3984 similitudea

155 4007 180 4042 “
202 4005 238 4068 os
248 4001 323 4068 God
337 4001 494 4067 exhibited
511 4017 543 4078 ιο
555 4000 656 4067 ιιίιο.”

13 4089 14 4092 ’
196 4089 238 4172 (c)
259 4084 418 4154 Genuinna
431 4081 529 4152 seusun
546 4085 669 4174 phrasis,
684 4081 813 4171 rediligi
832 4083 1000 4162 increatam,
1016 4081 1060 4148 eli
1075 4080 1288 4153 convalescere
1304 4103 1323 4149 a

155 4171 252 4256 lepra,
276 4191 304 4235 et
322 4173 522 4261 recolligendi
537 4173 664 4259 aliquem
682 4169 718 4234 ab
733 4166 897 4253 opprobrio
910 4167 973 4246 suo,
990 4187 1071 4255 patet
1085 4189 1125 4235 ex
1138 4191 1176 4236 eo
1192 4173 1324 4256 rituque

90 4331 95 4348 ι
156 4255 264 4340 leprosa
280 4257 387 4340 aliique
399 4256 566 4344 contagiosi
578 4254 1007 4342 expellebanturerttracallra
1022 4256 1069 4320 rel
1085 4255 1196 4324 urbes:
1220 4255 1323 4340 Qum

13 4373 14 4376 ¹
154 4339 375 4438 reciperentur,
385 4343 560 4408 dicebantur
573 4341 755 4408 recurrentia
770 4341 818 4408 snt
833 4340 917 4426 lepra
928 4357 959 4407 et
969 4339 1146 4427 opprobrio,
1154 4359 1186 4408 er
1196 4341 1225 4405 in
1237 4363 1325 4406 coro·
1350 4407 1354 4420 ,

13 4447 14 4498 1
155 4427 335 4494 munionem
350 4420 475 4510 iterium,
505 4430 583 4496 uude
599 4424 710 4494 abstiffi
726 4442 825 4511 erant,
846 4425 975 4515 recepti.
1007 4427 1074 4495 vir.
1092 4429 1167 4496 Gen.
1180 4447 1255 4493 xxx.
1272 4443 1324 4512 ος.
