2924 4832
231 256 236 274 ·
303 219 1083 324 LruounAnaarcn,&c.'
1210 243 1264 332 15

127 438 356 520 secundum
378 438 443 519 Cl.
463 431 773 540 Schultenlium
794 460 803 510 ε
840 443 871 480 “
892 431 1025 512 Hicce
1044 428 1269 539 liberJobi

133 575 161 612 ‘⁶
192 557 375 672 (inquit)
409 559 465 638 est
497 555 768 664 eloquentiae
792 555 1001 636 Arabicae
1031 580 1109 662 per
1130 556 1273 634 nubes

18 743 19 758 2
84 690 86 698 ’
132 699 159 736 “
192 713 269 791 per
291 669 396 762 astra
418 680 671 773 scandentis,
709 700 755 758 ut
785 675 998 784 specimen
1021 675 1269 758 eminentis·
1320 666 1324 676 ’

129 821 156 862 “
187 807 357 898 fimum,
381 805 441 885 ita
463 801 679 909 speculum
703 799 1017 896 lucidissrmum,
1041 803 1159 908 quod
1177 825 1270 884 non
1343 859 1346 868 ι

17 1007 18 1010 a
128 945 157 984 ‘⁸
184 927 267 1010 nili
291 930 344 1009 ab
367 929 541 1008 homine
563 923 705 1004 Arabe
728 920 1020 1027 audacilsrmae
1046 924 1158 1005 illius
1187 924 1269 1008 liro

129 1067 156 1104 ‘⁸
188 1079 298 1160 guae
319 1051 467 1158 figuris
489 1047 704 1137 innutrito
728 1046 939 1125 conscribi
963 1044 1211 1153 potuisset.'’

187 1179 271 1272 En,
303 1176 478 1282 linguae
508 1171 717 1282 Arabicae
748 1195 891 1251 veram
921 1169 1091 1275 llirpem
1120 1191 1162 1250 et
1185 1170 1272 1253 ori·

128 1300 271 1408 ginem
290 1324 344 1378 ex
368 1293 569 1376 historicis
586 1294 776 1372 Arabum
796 1276 1097 1399 depromptam
1118 1291 1272 1394 Mosai-

127 1449 200 1504 cae
222 1421 417 1508 historiae
441 1443 527 1496 non
553 1408 717 1496 tannim
741 1417 1089 1510 consentaneam,
1123 1411 1275 1502 verbm

125 1548 256 1627 etiam
285 1543 338 1624 ab
368 1543 416 1626 ei
438 1537 734 1620 confirmatam
760 1532 785 1616 l¹
817 1538 1006 1646 Utraque
1029 1541 1147 1622 natio
1169 1569 1273 1624 ean»

126 1671 225 1750 dem
244 1647 439 1775 linssuam
457 1661 649 1743 hauserat
667 1663 720 1740 ab
737 1661 934 1742 Hebero;
966 1663 1158 1744 Hebraea
1175 1667 1272 1773 qui-

126 1791 227 1872 dem
260 1815 337 1898 per
356 1781 599 1890 ·'Pbalegum
634 1783 805 1890 ejusque
839 1784 1054 1889 posteros;
1088 1788 1275 1870 Arabica
1411 1845 1448 1904 v„

63 1931 66 1946 ·
125 1939 243 2003 vero,
253 1938 330 2020 per
350 1909 585 2019 Joktanum
609 1907 783 2012 quidem
808 1905 978 2011 Phalegi
1000 1904 1190 2006 fratrem,
1223 1909 1275 1994 fi·

124 2037 323 2142 liumque
354 2032 525 2122 Heberi,
560 2029 605 2108 in
637 2027 794 2108 Arabii
817 2027 969 2122 Felice,
1004 2031 1163 2112 deinde
1196 2057 1273 2142 per

126 2157 375 2240 lshmaelem
420 2149 745 2236 Abrahamiden
790 2150 835 2230 in
880 2151 1037 2232 Arabia
1079 2155 1273 2255 Desertd,

126 2309 300 2363 necnon
325 2306 401 2389 per
424 2275 544 2358 Esavi
565 2295 609 2354 et
631 2273 864 2361 Abrahami
887 2275 1088 2381 posteros,
1111 2279 1157 2359 in
1179 2280 1274 2362 aliie

126 2405 326 2511 partibus
348 2401 459 2482 illius
480 2395 715 2518 religionis,
750 2395 931 2477 defluxit
956 2427 966 2478 ε
1003 2404 1064 2479 Ac
1089 2403 1275 2507 proinde
1329 2407 1333 2414 “

14 2577 18 2584 ·
125 2527 278 2609 iisdem
302 2525 573 2604 celebrantur
597 2518 827 2610 radicibuS,
861 2545 958 2600 cum
982 2521 1064 2601 levi
1085 2522 1274 2630 quidam
1305 2597 1313 2605 .

126 2648 303 2738 dialedli
324 2648 543 2736 varietate,
566 2667 696 2749 quam
720 2637 884 2723 sedium
905 2643 1102 2726 distantia
1123 2647 1276 2732 seusun

127 2773 409 2854 introducere
434 2767 639 2876 potuerit.

193 2898 262 2978 Ex
286 2892 413 2974 distin
424 2889 618 3001 judicare
642 2885 872 2995 possumne,
897 2919 1001 2973 num
1023 2891 1165 3002 aliqua
1182 2893 1275 2978 affi-

126 3019 238 3100 nitas
260 3043 378 3098 nunc
396 3014 509 3095 inter
523 3009 761 3105 llebraeam
777 3037 819 3095 et
834 3016 1060 3098 Arabicam
1081 3011 1279 3126 linguam

128 3136 426 3222 intercesserit.
496 3133 674 3214 Natales'
691 3133 785 3215 suos
817 3137 944 3220 debet
966 3137 1150 3222 Arabica
1172 3144 1278 3251 Jok-

47 3267 50 3275 ⁴
131 3287 236 3345 tano
258 3261 349 3344 filio
371 3257 528 3342 Heberi
554 3287 565 3348 3
598 3281 758 3338 nomen
781 3259 901 3342 suunt
925 3263 1139 3370 arrogavit
1162 3293 1184 3344 a
1207 3267 1278 3373 Ja-

132 3374 263 3498 arabo
289 3383 463 3492 Joktani
488 3378 597 3471 lilio,
632 3380 829 3492 aShetno
851 3385 939 3493 ipso
971 3385 1138 3466 Noachi
1170 3385 1277 3486 filio,

132 3513 206 3618 qui
230 3509 316 3589 fuit
339 3507 516 3614 quintus
539 3534 550 3595 ;
584 3503 717 3608 polita
738 3526 781 3585 et
802 3507 949 3587 limata
972 3509 1112 3615 postea
1136 3509 1189 3589 ad
1210 3509 1280 3592 in·

133 3636 278 3718 dolem
301 3631 520 3737 Hebraeae
542 3623 595 3706 ab
619 3623 821 3710 Ilhmaele
845 3627 968 3732 ¹fuisse
990 3631 1162 3714 ‘videtur
1185 3629 1203 3744 (
1238 3631 1279 3746 ).

259 3793 264 3802 ·
1174 3756 1282 3843 Non

174 3941 232 4026 (nr)
267 3945 294 3979 “
316 3943 363 4002 La
383 3955 544 4001 commune
566 3937 698 4022 opinion
718 3938 772 4000 des
787 3939 1005 4003 Mahometans
1020 3939 1074 4016 est,
1094 3941 1284 4022 qu¹1ss1mae1

139 4027 162 4059 “
182 4027 226 4085 est
244 4023 446 4108 l'auteurlde
465 4021 498 4082 la
518 4023 632 4107 langue
651 4023 739 4084 etde
754 4021 917 4082 l'ecriture
932 4023 1046 4097 Arabe,
1067 4023 1159 4103 qu'ile
1175 4023 1284 4103 appel·

137 4105 250 4166 “lent
270 4106 305 4165 la
322 4105 438 4188 langue
458 4103 637 4182 d’lsbmael,
663 4105 723 4166 soit
744 4103 823 4184 qu’il
842 4103 922 4165 l’ent
941 4101 1096 4180 inventse,
1121 4103 1183 4164 soit
1204 4104 1285 4188 qu'il

141 4189 164 4222 ‘⁴
182 4187 270 4248 n'ent
285 4187 350 4248 fait
364 4207 424 4266 que
438 4187 472 4246 la
484 4188 618 4265 poliret
633 4188 816 4260 l'enricher,
838 4203 956 4248 comme
971 4187 1016 4246 les
1030 4203 1106 4268 gens
1122 4185 1228 4249 favans
1243 4183 1286 4248 de

146 4267 167 4300 “
186 4269 273 4329 Perse
293 4269 325 4330 le
341 4268 509 4329 tiennent:
538 4274 600 4330 Car
615 4269 654 4329 ils
668 4270 782 4346 disent,
803 4287 864 4348 qne
883 4268 997 4344 Yarab,
1018 4269 1066 4329 lils
1085 4267 1125 4328 de
1146 4271 1287 4346 llahtan,

145 4347 169 4380 “
189 4350 256 4410 c’est
274 4351 306 4411 le
321 4353 418 4434 Jemh
433 4349 481 4410 fils
496 4347 535 4410 de
547 4352 668 4436 Jolttan
682 4349 726 4412 du
741 4353 876 4414 dixieme
888 4351 1037 4432 'chapitre
1053 4349 1092 4410 de
1107 4349 1139 4410 la
1153 4347 1286 4426 Genese,

129 4428 171 4540 ἐξ
191 4447 250 4490 ver.
267 4434 315 4497 2⁶.
337 4431 432 4518 qu’ils
451 4431 524 4496 font
541 4435 572 4500 le
587 4433 726 4519 premier
740 4435 889 4510 habitant
904 4427 1288 4571 del'Arabie‘llrcrplrazuseeg
