2952 4836
191 187 198 209 “
321 191 1155 280 oannsaoscmuextrx.
1251 197 1330 300 267
1466 285 1468 296 1

182 419 307 501 2040.
324 387 431 466 &⁰³0
449 397 731 501 Tegumentum
750 396 838 496 ejus,
870 415 917 472 ex
936 392 999 473 aff.
1034 383 1062 461 il
1094 407 1130 472 et
1158 391 1236 464 ruo
1269 419 1331 498 per

264 506 471 616 aphaerisrrt
490 505 532 575 n*
549 507 574 576 2
593 533 660 614 pro
679 508 784 606 rito?
820 523 1092 612 tegumentum,
1135 499 1329 584 deficiente

266 623 292 691 2
320 618 423 728 quod
457 623 492 696 io
514 617 646 698 codice
666 619 901 698 Samaritano
925 617 1092 726 manfit).
1143 617 1189 701 A
1208 642 1329 694 cover·

264 736 337 838 ing.
380 731 522 824 ΑΠΡέ
541 735 670 838 texit(
694 723 736 830 ).

186 815 683 1058 ramnulfi
701 835 1329 1055 lllrrrrrrrlnlt
1415 859 1417 864 ’

264 979 403 1172 bgndic
430 1069 485 1144 tio
510 1075 665 1166 augetur
692 1088 739 1139 ert
760 1059 1014 1164 duplicatione
1036 1065 1165 1142 tertiae
1185 1037 1329 1137 radica-

264 1174 326 1278 lis)
357 1091 493 1272 Αξὶῦ
529 1167 639 1254 -lss
663 1166 779 1251 ruber·
804 1171 887 1263 fuit,
919 1174 1128 1280 interptems
1157 1173 1327 1251 Arabum

265 1287 342 1366 tim
371 1287 446 1388 ejus
480 1281 669 1364 declarant
708 1304 772 1390 per
810 1277 916 1364 ..le
947 1307 1044 1392 qnae
1083 1281 1201 1390 signat
1234 1309 1328 1390 qua·

262 1397 408 1476 litatem
428 1391 616 1473 rubedinis
635 1391 807 1474 suffusam
833 1389 995 1475 albedini
1016 1398 1127 1486 oculi,
1164 1391 1327 1502 indeque
1420 1476 1424 1488 ,

262 1509 390 1596 oculus
420 1503 658 1596 rubicundus,
693 1503 760 1584 ista
791 1505 969 1584 rubedine
990 1503 1150 1585 suffusus.
1209 1501 1325 1610 Apud

263 1617 421 1696 Goliunr
444 1613 621 1714 redditur,
653 1613 807 1722 obfiurus
822 1619 929 1719 suite
968 1615 1028 1697 fed
1059 1641 1163 1724 prop.
1200 1617 1327 1696 colore

262 1733 469 1837 nigricante
498 1725 589 1806 fuit:
632 1723 845 1805 Adhibetur
869 1744 995 1808 aurern
1022 1725 1093 1806 illa
1128 1728 1326 1831 nigricatio

264 1840 300 1916 in
324 1845 402 1918 uvis
420 1835 648 1946 dadylisque
664 1841 740 1940 jam
758 1835 806 1916 ad
828 1842 1080 1919 maturitatem
1100 1835 1284 1916 adductis.

183 1975 303 2060 2042.
322 1947 432 2036 Duil!
451 1949 591 2028 Dentes
603 1952 658 2030 vel
678 1946 840 2054 duplices
860 1945 1008 2030 ordines
1027 1947 1193 2027 dentium
1215 1945 1318 2026 du'al.

263 2071 299 2143 A
320 2055 368 2150 pp
390 2100 476 2176 Ua
496 2057 597 2138 dens.
618 2059 663 2144 A
676 2061 780 2140 rualli.
816 2065 850 2138 A
871 2054 944 2155 llll!
964 2078 1064 2174 Uta-
1082 2063 1182 2138 acuit
1203 2055 1285 2164 (tr).
1315 2155 1319 2161 Ι

1195 2195 1318 2278 2043.
1437 2237 1441 2248 .

219 2283 268 2366 (rt)
290 2283 324 2346 lrr
341 2281 400 2344 hoc
413 2296 444 2343 et
460 2276 599 2363 sequente
615 2277 697 2346 versu
713 2273 828 2362 summa
841 2281 1034 2366 tranquillitas
1056 2278 1157 2368 populi
1173 2276 1221 2344 sub
1243 2279 1325 2342 Schi-

178 2365 232 2431 lob
248 2360 425 2432 rividiffinrir
437 2364 588 2430 coloribus
603 2365 793 2450 depincitum
816 2367 1001 2454 subditisejus
1013 2366 1204 2454 spontaneam
1220 2365 1322 2430 luben-

179 2465 301 2538 temque
312 2451 515 2516 obedientiam
532 2423 751 2538 praestantibus
767 2451 848 2517 inter
861 2472 976 2519 tauram
1002 2453 1150 2518 bonorum
1183 2451 1324 2516 omnium

178 2538 316 2626 copiam:
340 2538 513 2626 Figuratum
531 2537 622 2602 uerba
638 2539 797 2603 continent
821 2541 1064 2626 descriptionem,
1079 2561 1136 2623 qua
1152 2553 1244 2616 terra,
1260 2535 1323 2602 frne

178 2625 241 2690 ullo
256 2623 371 2706 labore,
387 2623 483 2709 plenis
499 2625 609 2721 quippe
625 2625 688 2688 vini
701 2642 730 2689 et
744 2623 827 2690 raetis
841 2627 934 2690 alveis
956 2627 1052 2692 fluens
1077 2623 1250 2702 exhibetur,
1280 2623 1323 2687 ita

177 2729 209 2774 ut
226 2710 414 2796 unul'quilque
428 2731 496 2774 cum
513 2709 599 2774 altura
613 2711 677 2786 suit,
693 2712 741 2774 lert
753 2711 899 2795 jumentis
910 2709 1125 2791 laborantibus,
1150 2710 1281 2796 quietam
1291 2727 1323 2774 et

178 2796 411 2863 amaenillimam
431 2796 521 2860 vitam
535 2797 672 2884 degeret,
687 2818 737 2860 eos
751 2795 807 2861 viti
818 2795 899 2882 quafi
916 2797 1060 2888 adligans.

216 2883 337 2970 Ligario
363 2881 435 2969 pulli
457 2893 488 2947 et
512 2877 583 2948 astni
599 2885 635 2948 ad
651 2881 764 2959 vireant
801 2901 940 2969 tanquam
952 2885 1033 2970 parit
1048 2901 1079 2948 et
1101 2883 1187 2969 copiae
1200 2880 1322 2970 lignum

177 2985 377 3050 memoratur,
393 2969 488 3036 Zech.
500 2967 540 3032 ix·
553 2989 582 3054 9·
593 2967 661 3054 Jud·
676 2991 706 3032 x.
726 2985 771 3032 tot
784 2966 838 3036 lfa.
848 2989 921 3036 xxx.
934 2988 983 3052 24.

218 3056 325 3121 Altera
340 3054 533 3120 emblematis
542 3073 619 3140 para,
634 3073 691 3140 qna
705 3053 822 3139 quilque
837 3055 931 3120 vestes
945 3055 1016 3122 vino
1031 3055 1142 3132 lavare,
1159 3067 1191 3116 et
1206 3051 1267 3136 ipse
1283 3071 1321 3113 o-

176 3141 259 3206 culos
273 3141 368 3208 avirro
382 3139 482 3215 ruber,
497 3141 601 3206 dentes
617 3139 720 3206 alafle
733 3140 826 3222 albus,
843 3137 964 3222 dicitur,
987 3143 1142 3208 bominem
1157 3133 1322 3223 pingibqtd

177 3242 241 3291 turn
259 3227 317 3292 sele
330 3227 402 3293 virro
426 3245 456 3290 et
469 3226 545 3292 labie
560 3226 602 3290 ita
626 3227 736 3312 replet,
753 3245 785 3290 ut
802 3229 881 3292 oculi
898 3247 928 3294 et
952 3227 1048 3292 vultus
1073 3227 1144 3289 inde
1168 3223 1321 3307 purpures-

177 3327 246 3374 cant
260 3327 290 3376 et
305 3315 409 3376 dentes
422 3311 580 3376 albel'canr.
624 3312 694 3376 Vid.
706 3312 775 3398 Joel
789 3313 832 3376 iii.
851 3314 898 3379 18.
940 3311 1100 3379 Stillabunt
1124 3326 1239 3376 montet
1255 3327 1323 3372 mu-

59 3430 61 3438 *
176 3395 223 3463 sto
237 3415 267 3461 et
282 3398 375 3461 colles
390 3397 520 3462 defluent
536 3398 622 3462 latre.
661 3397 948 3484 Vid.Arnos'1rr.13.
972 3399 1164 3484 John-17.
1206 3390 1322 3458 Defttu

177 3480 311 3580 regionis
325 3483 469 3566 loquitur,
485 3499 560 3567 quae
573 3483 650 3548 sorte
662 3481 730 3548 liliis
745 3485 839 3570 Judae
850 3484 960 3572 obtigit
973 3512 982 3563 3
1008 3501 1038 3550 et
1049 3479 1194 3570 praedicit
1207 3497 1323 3552 tautam

176 3568 242 3634 itlrc
256 3564 324 3633 fore
340 3567 446 3642 titium
462 3567 592 3652 copiam,
606 3585 636 3632 ut
657 3569 754 3654 pallini
772 3572 879 3636 obviae
892 3571 1035 3657 prostent,
1047 3591 1106 3634 non
1121 3568 1201 3630 secut
1218 3585 1252 3628 ac
1267 3563 1321 3627 alti

176 3675 281 3740 vepres
296 3656 342 3720 vel
357 3653 535 3742 infrugifera
556 3653 685 3720 arbusta.
729 3655 859 3741 Optime
889 3655 1054 3722 observarit
1076 3653 1115 3718 cl.
1129 3647 1323 3736 Vitringasr·

175 3762 214 3808 tte
226 3741 293 3827 jure
307 3742 464 3807 addut‘lum
476 3739 532 3803 esse
545 3740 687 3828 Tacitum
702 3739 880 3808 ali'ereutem
892 3743 1036 3829 Judaearn
1051 3761 1111 3806 non
1126 3737 1326 3801 abundareti-

175 3827 262 3893 neist
296 3827 438 3894 fertilitas
467 3827 551 3911 liujus
566 3845 664 3892 terrae
687 3830 883 3894 conbrnrarur
908 3829 945 3892 ab
968 3833 1000 3894 iis
1011 3828 1061 3915 qui
1078 3845 1187 3890 terram
1207 3826 1324 3888 hancce

175 3931 383 4000 peragrarunt.
430 3911 498 3978 Vid·
513 3913 581 3977 Sch.
598 3913 721 3988 trevere,
743 3935 775 3999 p·
792 3917 861 3994 16⁸4.

218 3995 454 4081 (autmundus
468 3999 561 4069 oeulos
573 4021 592 4062 rr
606 3999 685 4077 uino,
700 3999 817 4064 etalbrtr
826 4003 925 4064 denen
935 4024 954 4066 a
966 4000 1039 4065 leffe
1053 3997 1124 4064 mibi
1136 3989 1322 4060 videturelfe

175 4083 286 4147 melior
300 4083 398 4149 versio
408 4107 482 4172 prae
495 4082 547 4149 illa
561 4087 627 4146 virro
639 4104 670 4149 et
686 4086 770 4162 ludet
793 4084 874 4150 nulla
886 4087 970 4152 euim
993 4084 1183 4171 comparatio
1200 4079 1324 4237 ὶηΙζὶῐυί·

175 4183 245 4244 tur;
269 4169 316 4234 led
329 4171 415 4248 unice
430 4172 467 4235 de
482 4169 598 4236 liberali
618 4169 679 4236 viui
703 4181 733 4235 et
747 4169 829 4247 latiis
843 4172 891 4238 usu
923 4171 1031 4262 agitur.
1083 4173 1152 4234 Vox
1191 4145 1324 4268 ’⁴2’2l7

173 4295 237 4340 non
253 4273 417 4342 rubedinem
431 4275 538 4353 folum,
553 4276 673 4344 leduini
687 4275 828 4362 latiil'que
846 4281 1047 4346 abundantem
1063 4277 1142 4342 usum
1161 4291 1257 4354 notat,
1270 4275 1322 4360 qui

171 4362 210 4426 ab
224 4357 373 4427 efferbset
388 4361 481 4452 signis
492 4363 546 4428 luia
560 4364 591 4428 in
603 4366 698 4428 oculis
710 4362 846 4452 facieque
858 4367 1035 4448 rubicunda,
1046 4380 1078 4431 et
1094 4366 1231 4432 dentibus
1242 4381 1276 4427 ac
1288 4379 1322 4424 u·
1439 4361 1444 4372 '

172 4467 206 4512 re
221 4443 394 4518 albescente
410 4450 515 4516 alatle
524 4449 718 4520 describitur..
