2950 4836
252 165 255 172 ι
312 221 723 310 GENESEOS
772 227 944 307 Carus*
976 223 1089 310 XIV.
1204 259 1280 338 109

7 425 9 492 l
141 440 239 526 937.
260 419 365 498 Vsu.
392 443 430 522 5.
452 421 511 516 lt}
545 419 671 516 Venit,
697 447 764 529 pro
783 427 877 521 ⁸13.
911 423 1002 505 Vid.
1024 426 1093 506 Gr.
1119 452 1155 533 p.
1183 453 1273 535 199.

7 537 9 610 ἶ
227 533 292 607 lin.
339 586 349 605 .

7 629 9 670 ²
140 639 239 744 938,
260 551 334 723 ³23}
359 637 409 716 Et
431 657 616 742 percutere
630 641 808 724 fecerunt.
853 673 873 752 3
895 644 983 754 pers.
1010 649 1059 754 pl.
1081 646 1151 728 snt.
1177 675 1201 750 5
1222 647 1273 756 sp.

230 753 262 826 Α
282 753 357 850 Πξλ
374 763 517 856 <553
537 777 640 858 prop.
658 755 837 859 percussit,
858 757 1103 838 consauciavit
1125 764 1277 866 gravio·

225 854 322 946 ribus
345 857 567 948 vulneribus.
596 865 646 942 To
662 865 783 973 sorite,
816 889 850 946 to
868 869 983 978 irqsiei
1001 897 1066 979 any
1099 872 1275 978 cosamity,

227 989 261 1048 to
280 977 477 1052 overthrow
495 980 531 1050 in
548 972 641 1060 botrl
659 1034 669 1052 .

7 1071 8 1156 ζ
140 1107 240 1186 939.
256 1083 392 1188 0*th
433 1084 636 1189 Rephaim.
671 1085 784 1194 Prop.
802 1075 1094 1195 giganteannde
1106 1089 1210 1170 vallis
1223 1083 1278 1198 gi·

7 1169 9 1292 f
226 1213 398 1298 gantum.
413 1200 435 1276 i.
448 1222 481 1272 e.
500 1197 744 1300 agigantibus
757 1204 846 1278 olim
862 1204 1038 1282 habitatas
1060 1203 1137 1310 Jos.
1154 1229 1218 1282 xv.
1238 1199 1275 1280 8.

7 1295 10 1348 t
143 1327 240 1408 940.
263 1305 420 1402 U’D'tsstl
453 1305 484 1382 F
487 1305 700 1388 orrnidolofi
722 1311 926 1390 bellatores.
949 1311 1279 1415 Affllttformido·

7 1427 8 1434 ’
228 1411 324 1492 losus
345 1420 509 1496 bellator.
561 1419 696 1513 ADZlss
717 1430 759 1538 tl
780 1422 1193 1531 mediaJe,aesluavit.
1236 1449 1273 1503 2.

231 1524 423 1610 Excitavit
443 1528 588 1606 sumum
604 1528 845 1610 aestuantem.

7 1741 8 1744 4
140 1657 244 1744 941·
267 1635 376 1718 Van.
395 1641 431 1717 6.
456 1639 613 1737 D'l'lil?
645 1640 684 1718 ln
705 1645 892 1721 montibus
912 1643 992 1722 suis.
1024 1645 1086 1724 Ex
1101 1641 1166 1724 aff.
1186 1645 1279 1725 Det

7 1827 8 1840 4
229 1747 344 1850 praes.
364 1751 418 1853 ²o
446 1776 468 1826 a
489 1749 567 1826 rad.
588 1751 672 1844 ‘uu
685 1773 744 1866 ,sn
766 1754 920 1841 horruit,
942 1755 1043 1864 asper
1060 1756 1144 1836 suit.
1205 1750 1324 1870 Αδῖζῐ
1349 1769 1460 1844 swo-

7 1937 8 1940 ,
144 1879 242 1962 942.
267 1830 333 1950 ινδ
360 1859 611 1957 Terebinthus
647 1861 821 1964 Judaica.
872 1863 944 1946 The
972 1875 1274 1970 serpentine-tres.

7 1959 9 2024 i
231 1963 307 2044 Hic
329 1972 519 2074 proprium
540 1996 678 2048 nomen
699 1974 796 2052 urbis
810 1973 828 2050 :‘
857 1977 918 2054 Eis
935 1977 1054 2057 Paron
1073 1980 1280 2056 locustere·

230 2077 371 2156 bintbis
387 2079 591 2159 abundans.
610 2083 673 2159 Ab
692 2055 821 2182 5183)
837 2079 954 2192 spissus
969 2089 1053 2170 suit.

7 2231 8 2240 ι
145 2213 242 2295 943.
265 2188 361 2284 [¹82
400 2191 512 2296 Prop.
532 2187 666 2270 soffura
687 2197 818 2274 multa.
857 2197 1012 2278 Nomen
1036 2202 1132 2279 urbis
1155 2211 1191 2278 et
1212 2191 1279 2272 de·

229 2295 324 2389 serti,
349 2303 398 2377 ita
419 2299 518 2380 dista
537 2325 559 2378 a
577 2305 686 2408 copia
707 2301 878 2410 specuum
900 2311 949 2386 ibi
967 2309 1195 2390 effoslorum.
1243 2306 1279 2382 A

7 2463 9 2474 .
230 2407 309 2502 ils?
340 2414 406 2486 Β
426 2409 536 2492 fodit.
559 2411 649 2489 Vid.
670 2416 793 2522 Josep.
816 2416 863 2498 de
882 2419 955 2498 bel·
971 2423 1063 2528 Jud.
1081 2425 1106 2502 l.
1131 2447 1167 2497 v.
1186 2445 1220 2498 c.
1234 2442 1276 2519 7·

7 2561 9 2610 q
145 2542 242 2628 944.
266 2463 376 2620 *lassu
403 2522 529 2600 Locus
544 2519 703 2602 ducendi
736 2531 872 2636 gregis,
909 2534 1012 2612 locus
1039 2551 1182 2643 apertus
1218 2528 1281 2614 ubi

7 2611 10 2654 ¹*
231 2652 360 2735 greges
373 2632 574 2712 ducantur:
604 2635 705 2715 Hine
719 2637 1068 2746 rnetaph.solitudo‚
1084 2643 1280 2723 desertum.

233 2739 296 2820 An
321 2757 414 2844 open,
440 2739 669 2826 uninhobited
683 2765 837 2858 country,
858 2778 880 2829 a
897 2752 937 2831 de
951 2773 1025 2835 ort.
1086 2781 1123 2834 2.
1143 2751 1283 2832 Instru-

233 2867 400 2930 menturn
422 2851 615 2938 ducendae
631 2853 812 2968 loquelae,
832 2888 898 2968 pro
918 2867 1056 2974 lingna.
1084 2864 1218 2956 A'l-'l'l
1227 2892 1279 2978 μ)
1375 2877 1378 2886 “

228 2984 293 3068 per
312 2959 440 3045 seriens
461 2962 605 3060 struxit,
628 2963 767 3074 duxit(
794 2973 827 3084 ),
1150 3000 1153 3014 ·

1188 3107 1283 3192 945·

185 3288 227 3372 sl)
250 3289 391 3388 Ἶέἶῗέῧ
414 3267 537 3384 ΡΓΟΡτὶρ
551 3312 637 3368 notar
654 3297 751 3368 locum
769 3302 895 3380 ducendi
920 3305 1033 3394 gregis,
1048 3303 1097 3368 ubi
1112 3299 1282 3390 longa-scil.

145 3395 220 3461 serie
236 3396 302 3462 doci
317 3415 347 3460 et
362 3399 410 3482 agi
425 3399 556 3486 possunt:
593 3405 672 3472 Hinc
689 3431 716 3476 2.
734 3411 892 3477 secundnm
907 3414 1069 3500 genuinam
1086 3413 1147 3477 vim
1161 3410 1283 3499 linguae

146 3497 231 3546 notat
247 3503 352 3568 agrum
369 3504 518 3568 apertum,
534 3489 585 3553 ubi
600 3513 710 3582 greges
724 3498 891 3576 ducentum
914 3498 1117 3584 metonymice
1135 3497 1206 3562 hinc
1222 3500 1290 3566 suc·.

11 3610 16 3619 -
147 3565 244 3630 crevit
261 3567 345 3632 notio
357 3568 475 3651 deserti,
493 3575 669 3660 solitudinis,
694 3582 760 3664 quia
779 3585 853 3651 tales
870 3585 933 3672 agri
950 3585 1151 3670 infrequentes
1166 3605 1201 3646 ac
1218 3581 1285 3652 loli·
1350 3633 1354 3638 -

15 3700 19 3709 .
147 3649 216 3716 rarii
231 3653 287 3718 elle
304 3653 418 3731 solent3
441 3657 510 3722 inde
527 3681 618 3744 porro
634 3665 719 3732 latius
734 3673 769 3734 ad
787 3671 907 3736 horrida
930 3693 1050 3757 quoque
1066 3689 1094 3736 et
1108 3671 1220 3736 deserta
1237 3669 1284 3732 lo·

147 3759 182 3802 ca
200 3741 261 3804 usus
276 3741 429 3826 permissus
446 3771 455 3821 ς
475 3751 725 3828 quemadmodum
749 3759 823 3841 apud
841 3757 965 3822 Latinos
978 3760 1071 3823 etiarn
1083 3754 1283 3842 deprehendi-

148 3845 211 3888 mus
226 3825 256 3890 in
273 3825 442 3906 solitudine,
456 3827 614 3900 r'ecundum
625 3836 773 3924 originem
789 3843 862 3908 nihil
880 3843 958 3909 aliud
974 3847 1121 3922 adserens,
1138 3863 1225 3932 quam
1241 3839 1285 3904 lo·

7 3991 8 3996 4
146 3931 214 3974 cum
231 3907 324 3976 solum
342 3932 372 3978 et
385 3913 628 4000 infrequentem
665 3925 712 3987 cni
738 3929 879 4012 potestati
902 3951 976 3996 mox
1001 3929 1116 3994 acceffit
1132 3926 1284 3994 horridior

147 3994 211 4072 illa,
227 3995 283 4081 qul
296 4015 327 4062 et
344 3997 410 4063 loca
427 4002 486 4065 sola
503 4025 558 4088 pro
571 4007 660 4072 vastis
685 4028 717 4074 et
740 4013 860 4083 desertis
889 4019 1073 4100 usurpantur.
1116 4037 1149 4083 2.
1163 4013 1289 4100 Usurpa·

145 4099 198 4146 tur
213 4103 267 4166 pro
283 4083 401 4167 loquela
415 4085 475 4182 sive
491 4093 590 4172 potins
606 4113 660 4176 pro
676 4095 877 4166 instrumento
889 4103 1037 4185 loquelae,
1053 4103 1081 4166 id
1099 4101 1152 4183 esl,
1165 4102 1284 4188 lingua,

155 4169 181 4232 td
196 4171 389 4236 concordiam
416 4175 625 4242 inveniendam
651 4182 730 4246 inter·
759 4185 888 4252 diversas
909 4187 1163 4274 significationes3
1186 4185 1285 4252 sublii-

160 4253 493 4348 uaturinstrumentnm
521 4264 673 4330 ducendae
699 4269 847 4354 loquelae,
871 4293 926 4358 pro
942 4274 1066 4360 lingua3
1088 4275 1284 4362 quemadmo-

7 4341 9 4358 '
143 4340 216 4422 dum
233 4359 288 4440 pro
304 4341 461 4418 solitudine
475 4343 666 4420 substituatur
676 4353 759 4422 locus
772 4359 897 4425 ducendi
913 4361 1026 4448 gregis.
