2908 4832
177 289 231 394 38
430 274 513 358 ·De
546 259 713 353 Gracina
744 248 843 350 Anti
849 262 994 366 quitata

172 486 361 580 tuillent‚
376 479 511 564 niliea
528 470 739 556 vocalium
758 442 1313 547 notulisdistintlafuiffent.

140 708 145 723 ,
175 612 377 716 Denique
399 607 470 688 has
492 602 631 682 literas
654 607 713 672 ut<
732 615 819 672 non
837 583 996 688 ubique
1011 573 1089 656 effe
1104 592 1198 652 tuta
1218 569 1315 662 sub·

177 737 280 822 fidia
306 725 557 818 douissimis,
600 715 728 798 etiam
755 708 865 820 ipsos
899 705 1029 784 libros
1051 693 1319 777 Rabbinic'os

178 862 234 942 ad
257 850 455 968 prompte
475 870 518 929 et
538 836 737 950 expedite
768 829 973 939 legendos
994 842 1037 902 et
1070 815 1318 921 intelligen-

178 985 271 1078 dos,
295 976 473 1060 constat.
541 980 572 1017 “
602 961 776 1048 Infinita
800 953 879 1064 (ait
898 934 1202 1050 Schultensrus)
1225 937 1325 1016 sunt

180 1119 211 1156 ‘⁶
244 1108 290 1188 in
316 1095 526 1191 Arabicis,
569 1085 763 1193 Syriacis,
802 1069 1053 1162 Chaldaicis,
1071 1121 1076 1129 -
1096 1059 1320 1146 Talmudi·

178 1231 209 1334 ‘f
243 1231 318 1324 cic,
343 1242 552 1334 percopae
575 1205 822 1296 sententiae,
842 1191 995 1288 sensus,
1015 1187 1133 1298 quifi
1158 1181 1320 1291 puncta

166 1366 215 1404 ·“
248 1349 401 1450 absint,
435 1371 458 1423 a
490 1335 663 1419 nemine
698 1319 956 1410 mortalium,
994 1341 1048 1392 ne
1079 1300 1323 1420 peritillnno

181 1485 213 1524 ‘⁴
247 1472 425 1584 quidem
441 1465 590 1546 harum
609 1456 870 1558 linguarum,
888 1435 1070 1542 intelligi
1091 1423 1348 1512 emittere-1

185 1608 217 1647 “
249 1593 399 1708 plicari
416 1581 615 1702 pollint·’'
676 1573 774 1658 Vid.
799 1561 941 1686 Schulflt·
966 1554 1170 1670 Pracs.ad
1188 1550 1321 1630 Gram.
1373 1531 1381 1540 ⁵

132 1769 139 1780 ·
184 1727 299 1812 Hebr.

200 1945 206 1954 ‚
243 1836 404 1932 elariss.
427 1823 514 1940 ipse
544 1817 737 1932 Capellus
770 1807 1014 1918 exemplum
1049 1801 1104 1882 de
1138 1801 1322 1882 veritate

180 1975 308 2084 hujus
326 1951 558 2046 allectionis
581 1947 729 2028 dabit:
761 1931 972 2041 Exemplo
982 1925 1110 2018 ,enim
1133 1927 1322 2032 produc·
1384 1959 1390 1982 ι

180 2122 230 2179 to
251 2123 276 2175 a
298 2078 514 2174 unxorfio,
536 2069 613 2152 ubi
629 2061 826 2173 Capellus
842 2055 1133 2164 respiraverat,
1149 2047 1322 2155 respon-

179 2221 275 2308 sum
298 2217 350 2294 de
369 2207 462 2301 suae
484 2189 763 2304 hypotheseos
794 2175 1040 2263 infirmitate
1063 2169 1160 2252 sane
1183 2169 1323 2250 mani·

98 2443 101 2454 1
183 2341 335 2444 festum
355 2327 515 2438 retulit.
582 2327 611 2364 “
635 2313 871 2414 Nunquam
893 2327 973 2407 ego
1004 2293 1082 2408 (ait
1102 2287 1322 2402 Capellur)

129 2458 134 2470 ⁴
190 2479 221 2544 ‘.‘
244 2487 344 2546 cum
382 2467 602 2562 quoquam
622 2429 845 2524 contendi,
880 2423 1040 2504 nedum
1062 2441 1161 2497 curu
1183 2412 1326 2496 censo·

188 2601 219 2642 ‘⁴
252 2615 312 2682 re,
352 2574 502 2662 summi
523 2569 569 2649 in
591 2565 672 2644 hoc
694 2577 852 2664 genere
873 2543 1042 2627 artificis
1073 2536 1176 2632 filio,
1219 2563 1323 2616 con·

93 2701 98 2708 ⁵
191 2695 222 2786 ἦ*
255 2707 431 2791 tendere
450 2684 674 2776 vellemde
708 2669 857 2786 peritii
888 2663 1061 2774 legendi
1082 2659 1325 2742 Rabbinica

189 2847 222 2940 ‘.‘
243 2855 298 2938 ct
318 2819 526 2911 Hebraica
545 2835 631 2892 non
662 2797 879 2914 puntiata,
906 2789 980 2898 qui
999 2783 1166 2868 nullum
1186 2782 1323 2878 habui

189 2971 221 3022 ‘-‘
253 2943 299 3038 in
320 2949 367 3034 ei
382 2973 427 3028 re
445 2949 764 3052 praeceptorem
786 2914 1142 3002 etinstitutorem,
1159 2905 1234 3012 qui
1255 2929 1324 2984 me

190 3093 222 3134 “
252 3076 321 3162 vel
358 3069 495 3182 prima
530 3049 644 3164 illius
674 3038 885 3158 principia
917 3057 1042 3142 atque
1078 3029 1326 3111 rudimenta
1449 3013 1451 3074 ἕ

191 3215 230 3254 “’
257 3203 445 3287 doceret,
484 3183 646 3293 quique
675 3171 744 3252 vel
766 3167 819 3246 ad
860 3176 1128 3251 momentum
1171 3174 1325 3230 manu·
1450 3181 1451 3216 ;

191 3339 224 3378 “
257 3295 449 3408 duceret,
492 3329 534 3388 et
556 3293 742 3409 legendo
764 3284 962 3397 praeiret,
996 3273 1122 3383 atque
1154 3262 1327 3352 exerce·

193 3463 223 3518 “.
257 3463 338 3541 ret,
364 3441 495 3521 homo
529 3430 576 3509 in
612 3419 660 3501 ea
688 3437 777 3497 arte
814 3408 939 3517 plane
961 3393 1175 3466 ttulimu-
1241 3393 1330 3474 Mi·.
1448 3411 1451 3478 3

191 3587 226 3624 ⁸‘
259 3589 413 3651 rumne
442 3552 627 3660 cuipiam
649 3535 878 3624 videbitur,
921 3522 1017 3606 stin
1039 3513 1327 3596 obscurillnno
1449 3523 1451 3526 ’

192 3707 223 3746 “
256 3713 299 3778 et
313 3671 622 3777 salebrosrllimo
645 3663 721 3746 isto
743 3652 918 3740 Zolraris
935 3647 1046 3732 loco,
1066 3661 1156 3720 tum
1181 3639 1237 3717 ob
1258 3647 1327 3742 re's
1450 3675 1451 3678 κ

192 3832 223 3870 “
256 3811 363 3922 ipsas
392 3827 496 3912 quas
518 3791 682 3880 trallat,
711 3779 792 3874 dyc.
810 3769 974 3856 ‘alicubi
1006 3765 1050 3842 in
1074 3759 1259 3868 legendo
1283 3761 1330 3836 εὶ

3 3991 4 4044 ;
193 3957 225 3998 “
257 3924 505 4046 puntiando
546 3939 674 4022 atque
716 3888 1044 4004 interpretando
1073 3882 1235 3988 impegi
1263 3903 1326 3958 at-

3 4053 4 4062 *
57 4067 62 4078 ’
193 4077 224 4116 “
257 4084 341 4168 que
382 4041 665 4131 hallucinatus
708 4023 848 4109 sum.'.'
910 4003 1173 4110 Vimcapett.
1208 4003 1324 4086 Vind.

187 4189 328 4278 Arrun.
352 4175 528 4261 Puntlat.
545 4181 588 4270 p.
614 4181 717 4266 972.

93 4387 103 4402 ,
159 4407 162 4414 ¹
236 4306 332 4386 >Hic
369 4285 572 4378 eruditiil.
611 4271 805 4384 Capellus
842 4252 1242 4346 manifesti·erroris
1281 4247 1330 4330 in

187 4428 368 4516 lectione
402 4439 446 4498 et
476 4407 665 4492 verssone
701 4395 914 4476 variorum
936 4385 1129 4480 locorum
1158 4376 1204 4456 in
1238 4399 1331 4452 non

190 4543 403 4667 panetaria
422 4531 636 4624 Hebraicis
659 4510 920 4606 alluaturfio
952 4495 1323 4724 convitlugffflp.

705 4653 707 4658 ’
833 4682 842 4701 ·
1174 4639 1289 4702 uxtor
1316 4674 1330 4696 .
