2952 4836
188 289 193 296 -
288 235 700 319 GENESEOS
746 237 924 337 Creon·
957 235 1112 318 XLIX.
1212 239 1292 350 269

153 439 411 547 2048.Ve1t.
437 461 499 540 15.
539 437 647 533 ΠΨ),
681 338 911 544 fingi&
936 461 951 516 1
977 433 1030 542 sp.
1065 435 1212 534 Ai-'bll
1243 451 1301 557 pru·

235 575 340 658 prop.
367 551 503 639 mollis,
531 567 633 626 tener
665 549 760 627 suit:
807 549 924 638 Hinc,
948 575 988 628 2«
1004 549 1148 640 Suavis,
1170 575 1302 627 atnoe·

235 687 315 794 puS,
331 659 509 740 delicatus
522 659 606 739 fuir.
638 655 689 738 To
706 661 745 740 be
757 657 931 768 pleasant,
955 657 1147 767 delighrful,
1168 659 1302 740 charne-

232 801 304 852 rn.
1161 796 1165 808 ¹

265 799 293 880 g
1173 907 1297 994 2049.

153 1095 213 1158 que
229 1073 265 1137 ad
279 1093 348 1138 eam
366 1092 427 1134 rem
445 1037 640 1155 componere.
661 1066 775 1134 Arabes
789 1071 849 1134 vim
867 1067 1045 1156 hujusvocis
1059 1067 1220 1134 declarasse
1233 1093 1305 1138 cou-

153 1162 212 1228 stat
229 1180 269 1224 err
287 1159 395 1246 aReg.
411 1159 448 1220 iv.
463 1158 511 1239 38.
547 1151 608 1222 Ubi
626 1153 708 1219 Elias
724 1155 796 1220 dicit
812 1177 904 1242 puero
919 1155 968 1222 suo
982 1155 1078 1248 Ἶᾯζὶ
1093 1141 1188 1257 sib?
1218 1156 1304 1222 orsam

155 1283 291 1357 magnam
307 1251 414 1364 tripodi
429 1272 556 1362 imaque,
571 1280 602 1362 ct
625 1283 719 1348 coque
733 1263 920 1362 pultemnpro
931 1263 996 1364 hliir
1011 1263 1235 1363 prophetarum·
1256 1263 1305 1325 Sic

154 1352 269 1420 Ezech.
285 1371 368 1417 xxiv·
384 1368 413 1433 3.
436 1347 554 1445 Trepopb
571 1349 787 1430 erepentium,
811 1351 858 1414 nbt
875 1351 1034 1448 adhibetur
1045 1369 1076 1414 tn
1092 1351 1196 1448 ahenis
1212 1351 1307 1448 ‘supet

154 1439 286 1528 grandii
311 1457 350 1504 ue
365 1433 562 1532 collocandis,
590 1437 668 1521 quod
689 1433 751 1500 stne
772 1455 831 1520 ope
856 1437 927 1502 tabe
946 1437 1134 1516 sustentaculi
1156 1435 1223 1502 liert
1243 1455 1307 1506 non

137 1539 144 1564 ²
156 1526 251 1676 polhe-
338 1524 514 1610 etaphotrce
543 1521 577 1583 ad
598 1523 708 1584 sutram
730 1518 904 1612 firmamqru
925 1525 1061 1622 queram,
1082 1539 1139 1610 qua
1167 1525 1247 1588 circa
1261 1522 1308 1585 ol·

171 1635 200 1676 as

215 1613 279 1678 suas
294 1613 358 1697 quia
370 1625 434 1674 tuto
450 1601 595 1682 adsideat3
616 1624 646 1668 et
664 1607 807 1672 etiamad
829 1609 992 1693 qnantum,
1015 1610 1109 1692 qualis
1132 1629 1238 1676 eorum
1257 1610 1310 1692 qui

157 1699 189 1762 iu
202 1698 301 1764 culina
318 1691 481 1770 versantur,
494 1692 728 1780 depingendam,
745 1695 933 1759 transfertur·
968 1697 1067 1760 Varia.
1087 1695 1134 1760 hae
1150 1695 1308 1779 metapho-

158 1785 229 1849 tica
239 1782 469 1871 significationes
484 1797 523 1841 eat
540 1777 606 1864 ipfis
620 1779 749 1863 reliquiis
764 1777 884 1844 Biblicir
899 1779 1036 1846 illustrari
1056 1783 1168 1865 polline.
1206 1781 1308 1846 Prima

10 1905 12 1920 ι
126 1885 133 1904 “
157 1870 276 1936 constat
289 1867 387 1936 ex·Ps.
401 1862 497 1932 inciti.
519 1883 567 1947 ¹4·
592 1863 721 1944 Persem
736 1868 821 1955 (Ues
830 1863 870 1932 fic
888 1867 968 1932 reddi
981 1869 1069 1935 debet
1085 1888 1115 1932 ut
1131 1868 1162 1932 in
1176 1867 1241 1931 aliis
1256 1868 1306 1930 lo·

158 1976 214 2062 cis)
230 1974 408 2043 recubabitia
423 1975 502 2040 iuter
517 1973 587 2038 duas
601 1972 728 2038 focarias
739 1973 844 2055 strues,
860 1975 881 2040 i.
897 1997 927 2042 e.
944 1972 1045 2059 quiete
1061 1993 1090 2038 et
1106 1975 1200 2039 laute:
1231 1973 1307 2038 Pro·
1346 2045 1351 2056 ,

157 2065 255 2149 sperus
267 2063 348 2129 enim
365 2063 455 2126 slatus
469 2057 569 2145 populi
594 2077 731 2158 tempore
756 2060 896 2142 Davidis,
927 2059 1015 2125 instar
1036 2061 1186 2132 columbae
1204 2060 1235 2126 in
1252 2081 1307 2125 co·

106 2151 111 2158 “
157 2150 309 2216 lumbario
324 2150 411 2213 suose
427 2145 569 2219 tenentis,
586 2146 730 2234 pingitur·
753 2150 895 2232 ignaviae
910 2145 997 2213 srinul
1014 2147 1191 2233 potestatem
1209 2147 1319 2224 invol·‚

158 2239 216 2313 vit,
230 2235 299 2318 Jud.
312 2257 343 2298 u.
363 2235 413 2298 16.
447 2237 469 2270 “
486 2229 520 2294 lu
544 2229 735 2298 divisionibus
759 2233 1307 2322 Rcubenismagnacontentiosaede·

10 2315 12 2326 ¹
35 2399 37 2407 Ι
159 2328 183 2359 “
205 2321 401 2388 liberationes
414 2316 511 2383 cordis
524 2343 534 2392 3
555 2337 646 2401 quare
661 2318 754 2382 sedisti
768 2323 845 2384 inter
858 2319 989 2406 lapidum
1006 2319 1188 2385 focariorum
1200 2319 1307 2402 strues,

156 2416 180 2451 ‘⁶
204 2407 325 2472 audieus
335 2403 435 2470 sibilos
447 2407 690 2500 gregum‚”quat
705 2404 748 2469 est
763 2406 815 2470 otii
831 2427 990 2492 rerumque
1011 2403 1243 2472 domesticarum
1262 2429 1310 2472 cu-

157 2515 200 2558 rae
214 2493 391 2579 descriptio:
410 2489 532 2554 Servibs
546 2487 829 2558 condicioniset'rtm
843 2492 1008 2580 imaginem
1024 2491 1120 2574 sert,1
1136 2493 1218 2557 Sam.
1232 2494 1262 2556 ii.
1276 2493 1308 2558 8.

159 2577 204 2644 tt
216 2581 297 2646 cxiii.
320 2576 445 2646 issachar
459 2577 553 2663 igitur
568 2575 619 2642 hic
634 2575 713 2642 iuter
727 2577 842 2665 lapidee
856 2579 984 2645 socarioe
999 2579 1146 2642 recubans
1168 2575 1309 2644 describi-

159 2685 220 2746 tur,
236 2669 271 2732 ad
286 2665 347 2748 ejus
363 2667 475 2730 lauram
491 2661 649 2728 ctfitmam
663 2663 794 2748 quietem
809 2667 1025 2742 denotandam
1048 2681 1079 2729 ct
1093 2659 1135 2730 fic
1150 2661 1234 2730 reddi
1249 2671 1310 2731 Au-
1412 2707 1420 2714 -

160 2755 241 2843 glice
264 2749 355 2837 poffit.
398 2755 421 2791 ⁴‘
437 2747 564 2818 issachar
579 2748 602 2812 is
617 2770 634 2813 a
649 2749 753 2838 strong
767 2751 820 2828 ast,
848 2749 1000 2838 couching
1010 2768 1041 2814 at
1053 2751 1098 2816 hic
1109 2753 1188 2830 ease,
1202 2749 1309 2818 amidst

126 2906 133 2918 ,
157 2847 184 2884 “
206 2859 300 2926 peace
316 2837 372 2902 aud
387 2835 503 2922 plenty,
518 2837 575 2900 arrd
590 2836 629 2900 he
645 2839 701 2902 saw
710 2841 774 2904 that
791 2840 836 2904 hir
851 2838 946 2904 abode
958 2857 994 2912 qr
1008 2835 1152 2926 dwelling
1167 2837 1266 2925 (place
1277 2835 1316 2904 os

159 2932 184 2967 “
206 2925 386 3008 refideuce),
401 2943 458 2987 wat
470 2921 565 3009 good,
583 2924 639 2985 and
655 2925 707 2990 the
732 2926 803 2990 laud
818 2926 884 2990 that
898 2924 923 2990 it
936 2945 997 2988 was
1020 2923 1167 3010 pleasant,
1190 2927 1247 2990 aud
1268 2925 1309 2990 he
1358 2961 1359 2966 κ

159 3017 183 3054 ⁸‘
205 3013 310 3078 bowed
326 3013 375 3078 bic
387 3009 527 3074 ssroulder
539 3025 571 3072 ro
586 3007 667 3080 bear,
681 3012 739 3075 and
755 3011 881 3076 became
901 3033 918 3076 a
936 3019 1053 3076 servant
1069 3029 1145 3076 uuto
1170 3009 1310 3077 tribute.”

157 3099 368 3166 vid-venenu
383 3093 522 3162 dissertat.
536 3091 567 3160 in
578 3091 664 3160 Gen.
677 3095 757 3165 xlix·
774 3119 806 3182 p.
817 3115 889 3186 302.
905 3117 933 3181 3.

202 3183 328 3251 issachar
340 3203 400 3250 nou
416 3177 592 3266 simpliciter
604 3177 882 3265 ajrhusdicitur,sed
897 3181 1001 3259 oricus,
1016 3201 1077 3267 quo
1089 3195 1198 3270 vegeta
1211 3177 1311 3246 firma·

158 3291 216 3354 que
230 3269 466 3337 llhcharitarum
481 3269 667 3347 constitutio,
681 3287 744 3336 tum
763 3269 898 3355 aptitudo
913 3269 948 3334 ad
960 3289 1056 3353 opera
1070 3287 1102 3332 et
1115 3289 1210 3332 onera
1222 3269 1310 3333 rusti·

158 3379 196 3420 ca
212 3357 400 3441 perferenda,
413 3349 610 3438 designatum
630 3351 812 3446 recubansque
826 3355 901 3418 inter
914 3357 986 3418 duas
998 3353 1121 3440 lapidum
1127 3353 1310 3437 scarionem

153 3441 259 3524 strues,
273 3441 384 3504 lauram
399 3459 429 3503 et
441 3437 564 3504 otiosam
590 3442 653 3526 ejus
665 3443 876 3506 conditionem
888 3439 1027 3518 exhibet,
1049 3462 1106 3526 qua
1119 3439 1208 3505 rebus
1223 3441 1310 3505 belli-

162 3525 205 3590 cir
219 3545 250 3590 et
266 3523 521 3612 negotiationibus
535 3531 671 3592 externis
686 3529 786 3608 millis,
801 3529 829 3590 se
840 3525 925 3590 domi
938 3543 967 3592 et
980 3527 1146 3592 domestica
1157 3525 1248 3590 unice
1259 3549 1311 3592 cu·

161 3630 243 3677 taret
258 3631 288 3678 er
302 3613 398 3700 genio
413 3609 597 3696 indulgeret.
640 3611 743 3678 Moses
759 3613 887 3686 eandem
903 3633 967 3678 rem
993 3611 1073 3676 hisce
1088 3614 1187 3678 uerbis
1210 3611 1309 3680 inteu-

158 3697 219 3777 dite
245 3699 346 3766 laren
360 3693 484 3782 Iffieclrer
496 3699 527 3757 in
538 3699 668 3762 tentoriis
682 3701 749 3763 ruis.
792 3697 907 3785 Figura
933 3697 1070 3764 animalis
1097 3696 1195 3764 onusti
1224 3697 1311 3763 larci·

158 3784 205 3850 nis
219 3783 288 3862 suin,
304 3785 399 3869 textui
415 3793 475 3848 no'n
489 3784 632 3865 quadrare
647 3784 776 3866 videtur,
789 3804 856 3850 nam
874 3788 953 3880 ῙἎἾ
968 3787 1090 3871 proprie
1104 3783 1259 3871 usurpatur
1273 3781 1312 3851 de

159 3871 283 3938 animali
298 3869 498 3938 recumbente
513 3885 578 3933 tuto
594 3887 624 3936 er
640 3872 740 3954 quiete
753 3869 946 3956 complicatis
962 3871 1096 3955 pedibus,
1109 3871 1156 3954 (ut
1173 3887 1261 3955 pater,
1271 3891 1311 3936 er

61 3957 66 3964 '
159 3957 244 4022 versu
259 3978 343 4024 nono
359 3957 447 4042 hujus
462 3955 596 4040 capitis),
612 3974 642 4021 et
655 3978 731 4042 quae
747 3955 909 4042 sequuntur
931 3953 1001 4022 huic
1014 3955 1258 4043 interpretationi
1269 3957 1312 4022 fa·

159 4058 257 4118 vente
281 4063 353 4110 nam
369 4046 498 4131 additur,
514 4059 545 4105 et
557 4045 630 4110 vidit
644 4043 847 4108 recubitorium
862 4039 916 4124 effe
927 4039 1045 4122 honneur,
1061 4059 1089 4108 er
1103 4043 1316 4130 terremsur'ffie

152 4125 321 4211 pulchram.
366 4129 440 4196 Vox
457 4131 566 4200 nnat)
581 4127 793 4210 recubitorium,
815 4129 863 4190 vel
877 4127 970 4192 locum
984 4128 1034 4194 tels
1043 4149 1148 4215 greges
1162 4131 1312 4210 tenebant,

156 4209 270 4300 signat,
286 4216 418 4300 adeoque
431 4213 609 4282 emblemati
625 4213 698 4280 asmi
714 4213 793 4280 inter
808 4215 879 4278 duas
893 4213 1020 4278 focarias
1033 4217 1129 4280 lirues
1141 4215 1313 4283 recubantis

157 4298 216 4364 rite
231 4301 412 4388 adiungitur,
458 4299 552 4366 Porro
569 4301 755 4391 sub'uugitur
771 4302 810 4367 et'
824 4299 879 4368 erit
891 4299 995 4364 tributo
999 4300 1149 4386 struens,
1172 4299 1193 4364 i.
1208 4321 1238 4366 e.
1256 4303 1312 4368 tri-

110 4419 118 4426 ·
159 4385 212 4452 bue
225 4382 363 4466 issachar,
377 4388 502 4472 quodvis
512 4408 586 4453 onus
601 4322 655 4453 du
670 4383 856 4473 impolitum,
868 4405 957 4471 quam
973 4387 1122 4455 coutinuis
1133 4383 1221 4454 bellis
1235 4405 1314 4454 atre·

823 4485 828 4496 ’
1288 4477 1313 4538 ri
