2924 4832
223 275 277 358 30
493 247 556 334 De
585 249 818 355 Antiquitate
846 268 884 331 et
914 249 1088 336 Utilitate
1181 323 1188 336 ,

221 462 253 503 “
284 450 397 535 Hinc
420 477 550 558 porro
572 455 736 562 grande
759 453 890 535 hocce
908 483 1048 536 rerum
1073 455 1358 540 humanarum

218 588 250 629 ⁴⁸
282 573 595 656 adminiculum
629 603 726 656 cum
764 578 997 659 Noachidia
1028 579 1225 658 diffusum
1258 608 1357 685 pro·

23 789 24 798 N
102 781 107 788 Ι
218 707 249 748 ss
282 685 574 804 pigatumque
605 697 683 778 else
724 727 800 806 per
838 701 1015 802 Syriam,
1066 699 1356 796 Phoeniciam,

209 831 250 872 ·“
282 817 573 918 Palaestinam,
600 823 814 916 Arabiam,
843 821 1093 930 AEgyptum,
1121 849 1205 900 non
1232 825 1358 902 video

218 951 251 992 “
285 933 447 1049 (inquit
471 942 775 1057 Schultenlius)
815 945 899 1052 qul
932 946 1099 1034 ratione
1126 965 1197 1027 aut
1219 943 1356 1058 specie

118 1103 134 1128 e
217 1073 248 1114 ‘⁶
279 1061 324 1144 in
347 1063 528 1145 dubium
553 1067 739 1145 revocari
765 1065 891 1174 pollet
918 1063 1025 1180 (z).''

277 1184 397 1265 Idem
418 1185 482 1265 vir
504 1185 652 1268 dusius
674 1188 899 1280 existimat,
930 1195 1112 1272 eundem
1138 1188 1357 1278 literarum

213 1305 352 1404 ulum,
387 1308 636 1418 easdemque
661 1331 781 1391 notas
803 1331 845 1390 et
867 1311 1022 1416 figuras
1053 1339 1157 1426 quas
1190 1312 1242 1390 ab
1270 1311 1357 1390 Heu
1446 1329 1448 1339 ’

213 1431 320 1510 bero
343 1457 418 1539 per
441 1432 671 1540 Phalegum
694 1453 736 1512 et
757 1433 1051 1520 Abralra'tnum
1075 1433 1212 1516 tenuit
1236 1432 1359 1513 natio

215 1553 444 1648 Hebraica,
467 1554 798 1661 Joktanidasque
819 1581 992 1661 quoque
1014 1558 1165 1638 eodem
1185 1559 1358 1666 lieberu

215 1697 346 1770 ortos,
382 1677 520 1757 secu'm
548 1677 593 1757 in
617 1679 799 1758 Arabiae
822 1679 853 1756 F
856 1677 970 1756 elicis
998 1677 1235 1786 penetrales
1263 1677 1357 1784 illas

212 1797 329 1880 sedes
364 1794 564 1880 intuliffe.
639 1799 737 1882 Vid.
779 1797 978 1910 Schultenſs
1021 1801 1126 1880 Orat.
1164 1797 1206 1878 dr
1240 1795 1353 1914 ‚LingQ
1446 1879 1454 1896 ,

213 1921 672 2127 Aracllbitepm§scribendi
700 2044 802 2124 inde
831 2071 854 2124 a
883 2040 1157 2122 vetustissimis
1185 2063 1356 2150 tempo«

211 2165 332 2246 ribus
349 2167 401 2245 ad
422 2168 582 2246 Arabes
600 2191 772 2273 quoque
793 2162 1037 2271 pervenille,
1062 2165 1200 2244 testari
1225 2162 1356 2271 planis„

212 2287 384 2367 videtur
414 2287 519 2368 illud
548 2312 678 2365 canae
705 2287 970 2393 antiquitatis
999 2309 1352 2386 monumentum,

212 2405 433 2516 affinitatis
463 2409 669 2491 Arabicae
700 2435 799 2490 cum
830 2408 1174 2502 Hebraebtestis,
1210 2409 1355 2490 clarus,
1451 2445 1453 2480 :

113 2605 115 2608 .
212 2533 322 2612 liber
345 2532 460 2639 jobi,
493 2557 620 2641 quem
643 2530 773 2638 longe
795 2555 892 2610 ante
917 2534 1058 2612 Mosen
1084 2527 1227 2610 vixisse
1252 2557 1351 2636 gra·
1450 2531 1452 2542 ’

212 2652 379 2734 villrmis
413 2655 678 2763 argumentis
710 2683 734 2740 a
767 2656 911 2748 multis
941 2655 1041 2736 viris
1069 2652 1203 2733 doctis
1239 2653 1355 2732 esic-2
1450 2655 1451 2662 ’

213 2798 306 2862 tum
328 2771 407 2864 esse
427 2778 664 2867 innuimus.

1101 2920 1106 2928 '
1217 2896 1355 2978 Hicce-

257 3048 307 3130 (z)
332 3049 456 3114 Dodilll.
474 3049 639 3132 Lightsoot
659 3051 769 3112 literas
790 3063 864 3110 ante
880 3050 985 3110 Mosen
1006 3043 1138 3106 extitill'e
1153 3059 1257 3188 lum,
1279 3045 1360 3107 alles

213 3147 329 3213 gatque
341 3133 506 3214 Josephum
521 3133 573 3210 qui
589 3132 697 3190 literas
713 3149 786 3192 ante
803 3133 953 3192 diluvium
971 3125 1104 3190 extitillie
1120 3147 1159 3188 vu
1174 3143 1210 3195 t;
1232 3129 1352 3188 literas-
1445 3149 1446 3162 ÷

213 3233 274 3293 que
289 3215 361 3272 vero
376 3229 450 3276 ante
464 3215 562 3294 legem
579 3211 711 3280 extitisse
734 3235 772 3272 ex
790 3212 996 3273 meditatione
1012 3209 1252 3285 computationis
1267 3213 1351 3289 Jose.

213 3295 271 3376 phi
287 3295 321 3356 in
336 3297 484 3376 AEgypto‚
504 3313 582 3376 quae
602 3293 665 3354 stne
683 3297 851 3374 scriptione
869 3295 956 3352 nullo
974 3289 1066 3351 modo
1082 3290 1207 3354 videtur
1221 3293 1353 3370 potnissb

215 3377 334 3456 perfici,
361 3375 549 3438 contendit=
585 3377 647 3436 Vix
670 3377 751 3442 enirn
774 3375 896 3454 concipi
915 3386 1020 3451 queat,
1042 3373 1196 3454 quomodo
1217 3387 1300 3432 artes
1321 3395 1362 3442 et.
1442 3393 1444 3416 ³

135 3483 154 3514 ι
213 3459 361 3520 scientiae
386 3459 497 3518 florere
524 3469 707 3534 potueram,
734 3457 796 3519 sure
821 3455 1025 3516 fundamento
1047 3455 1146 3514 omnis
1166 3455 1353 3538 didatlicae,

208 3541 279 3618 scil.
292 3539 404 3599 literis.
442 3537 516 3599 Vid.
529 3537 684 3618 Lighffoot,
697 3539 766 3617 Opp.
784 3551 850 3599 torn.
863 3542 886 3596 l.
904 3551 935 3612 p.
951 3555 1019 3610 213.
1033 3535 1094 3618 fol.
1113 3537 1242 3596 Rotterd.
1263 3534 1352 3610 i686.

256 3617 381 3678 Dostiff.
399 3619 557 3700 Vitringa‚
576 3619 693 3696 aliique
709 3620 768 3678 viri
784 3619 880 3692 ducii,
901 3639 920 3676 a
940 3619 1062 3696 scriptis
1077 3619 1167 3698 ipsius
1183 3619 1272 3680 Mosrs
1287 3649 1353 3688 ma.

215 3699 362 3764 nifellurn
378 3699 446 3774 effe,
469 3703 577 3761 literas
598 3699 731 3760 extitill'e
752 3699 947 3768 existimant:
971 3702 1066 3762 Stilus
1081 3707 1161 3760 enim
1180 3703 1251 3764 Gen.
1267 3704 1303 3766 ii.
1323 3733 1353 3787 4.
1427 3716 1431 3725 “

212 3781 254 3840 ab
277 3800 314 3838 eo
339 3800 430 3860 quem
454 3783 489 3843 in
513 3781 615 3860 capite
640 3783 743 3860 primo
761 3781 907 3841 habemus
926 3782 1061 3843 diversus
1079 3785 1171 3860 plane
1192 3808 1351 3871 apparet3

209 3878 300 3946 nulla
314 3879 397 3942 enim
412 3879 532 3940 mentio
546 3877 611 3941 fuit
624 3875 761 3936 nominis
776 3879 910 3958 Jehovae
925 3879 959 3937 in
974 3880 1076 3958 primo
1092 3881 1214 3959 capite;
1238 3889 1360 3965 rapiti&

209 3997 289 4041 vero
309 3982 433 4043 secundi
454 3981 543 4043 versu
563 3995 675 4060 quarto
695 3979 898 4060 conjungitur
920 3979 1005 4064 ΠἹΠξ
1025 4005 1093 4044 eum
1110 4005 1183 4044 voce
1202 3955 1352 4066 minim

211 4093 379 4173 numu
393 4113 535 4167 numero,
559 4087 694 4191 ragno]
710 4094 787 4194 ll}
803 4053 1052 4192 tarassiam
1070 4089 1211 4200 eroga
1230 4067 1350 4204 nafis

210 4203 304 4267 Unde
320 4204 445 4286 quidam
459 4203 521 4263 viri
537 4200 633 4274 dotti,
656 4201 773 4277 Mosen,
794 4201 828 4259 in
844 4201 1032 4261 contexenda
1046 4203 1097 4263 sual
1113 4206 1234 4285 Genefi,
1255 4231 1349 4292 quae.
1418 4259 1423 4269 .

138 4346 142 4357 ,
210 4286 284 4348 dam
305 4287 374 4347 anti
394 4285 504 4346 uitatis
525 4294 738 4356 monumenta,
761 4301 839 4362 quae
855 4281 908 4341 suo
924 4293 1066 4364 tempore
1083 4287 1227 4368 extitere,
1249 4299 1350 4356 trans.

212 4367 313 4431 ,ΜΕ
364 4367 372 4383 ·
402 4367 409 4382 ·
445 4379 512 4424 ant.
538 4361 619 4423 Vide
634 4363 710 4421 haec
725 4359 821 4423 latius
835 4363 1134 4432 illuſtratainslaor'
1144 4372 1240 4454 hacce,
1252 4392 1285 4458 p.
1300 4395 1351 4443 πο.
1418 4372 1423 4381 ’

209 4449 254 4516 ἰὰ
269 4463 340 4516 not.
359 4444 419 4528 (h),
441 4459 474 4508 et
487 4459 521 4530 p.
538 4443 587 4522 64.
611 4443 706 4507 etiam
722 4443 845 4554 adnot.
865 4441 924 4529 (l).
1221 4539 1352 4613 now
