<?xml version="1.0" encoding="UTF-8"?>
<!DOCTYPE html PUBLIC "-//W3C//DTD XHTML 1.0 Transitional//EN"
    "http://www.w3.org/TR/xhtml1/DTD/xhtml1-transitional.dtd">
<html xmlns="http://www.w3.org/1999/xhtml" xml:lang="en" lang="en">
 <head>
  <title>
</title>
<meta http-equiv="Content-Type" content="text/html;charset=utf-8" />
  <meta name='ocr-system' content='tesseract 3.04.00' />
  <meta name='ocr-capabilities' content='ocr_page ocr_carea ocr_par ocr_line ocrx_word'/>
</head>
<body>
  <div class='ocr_page' id='page_1' title='image "./clavispentateuc00robegoog_0574.png"; bbox 0 0 2960 4828; ppageno 0'>
   <div class='ocr_carea' id='block_1_1' title="bbox 147 221 1462 542">
    <p class='ocr_par' dir='ltr' id='par_1_1' title="bbox 147 221 1462 542">
     <span class='ocr_line' id='line_1_1' title="bbox 147 221 1275 354; baseline -0.044 -16"><span class='ocrx_word' id='word_1_1' title='bbox 147 259 259 354; x_wconf 71' lang='lat'><em>354„</em></span> <span class='ocrx_word' id='word_1_2' title='bbox 316 234 568 315; x_wconf 82' lang='lat' dir='ltr'>CLAvls</span> <span class='ocrx_word' id='word_1_3' title='bbox 627 221 1192 320; x_wconf 48' lang='lat' dir='ltr'><em>t&gt;tont&#39;totTEttc1⁴11,¹</em></span> <span class='ocrx_word' id='word_1_4' title='bbox 1265 281 1275 296; x_wconf 88' lang='grc'>,</span> 
     </span>
     <span class='ocr_line' id='line_1_2' title="bbox 200 380 1462 542; baseline -0.052 2"><span class='ocrx_word' id='word_1_5' title='bbox 200 408 348 538; x_wconf 58' lang='lat' dir='ltr'><em>‘lilii</em></span> <span class='ocrx_word' id='word_1_6' title='bbox 379 411 451 510; x_wconf 67' lang='lat' dir='ltr'><em>‘ind</em></span> <span class='ocrx_word' id='word_1_7' title='bbox 476 427 595 537; x_wconf 74' lang='lat' dir='ltr'><em>stloer</em></span> <span class='ocrx_word' id='word_1_8' title='bbox 631 433 726 510; x_wconf 84' lang='lat' dir='ltr'><em>with</em></span> <span class='ocrx_word' id='word_1_9' title='bbox 758 437 916 537; x_wconf 79' lang='lat' dir='ltr'><em>pretioue</em></span> <span class='ocrx_word' id='word_1_10' title='bbox 953 431 1079 542; x_wconf 83' lang='lat' dir='ltr'><em>stenes.</em></span> <span class='ocrx_word' id='word_1_11' title='bbox 1160 439 1196 516; x_wconf 84' lang='lat' dir='ltr'>A</span> <span class='ocrx_word' id='word_1_12' title='bbox 1230 419 1313 535; x_wconf 55' lang='lat' dir='ltr'><em>pipp</em></span> <span class='ocrx_word' id='word_1_13' title='bbox 1355 412 1377 458; x_wconf 79' lang='grc'><em>’·</em></span> <span class='ocrx_word' id='word_1_14' title='bbox 1457 380 1462 392; x_wconf 49' lang='grc'><strong>“</strong></span> 
     </span>
    </p>
   </div>
   <div class='ocr_carea' id='block_1_2' title="bbox 16 539 1463 2472">
    <p class='ocr_par' dir='ltr' id='par_1_2' title="bbox 204 545 781 624">
     <span class='ocr_line' id='line_1_3' title="bbox 204 545 781 624; baseline -0.002 -4"><span class='ocrx_word' id='word_1_15' title='bbox 204 545 373 624; x_wconf 76' lang='lat' dir='ltr'><em>inolevit</em></span> <span class='ocrx_word' id='word_1_16' title='bbox 423 571 474 618; x_wconf 84' lang='lat' dir='ltr'><em>s.</em></span> <span class='ocrx_word' id='word_1_17' title='bbox 778 573 781 584; x_wconf 79' lang='grc'>’</span> 
     </span>
    </p>

    <p class='ocr_par' dir='ltr' id='par_1_3' title="bbox 148 539 1351 977">
     <span class='ocr_line' id='line_1_4' title="bbox 148 539 1319 768; baseline 0.003 -32"><span class='ocrx_word' id='word_1_18' title='bbox 148 539 477 761; x_wconf 54' lang='lat' dir='ltr'><em>2530i&#39;ll9b2,((it</em></span> <span class='ocrx_word' id='word_1_19' title='bbox 499 651 628 766; x_wconf 52' lang='lat'><em>³328,</em></span> <span class='ocrx_word' id='word_1_20' title='bbox 651 673 686 734; x_wconf 88' lang='lat' dir='ltr'><em>et</em></span> <span class='ocrx_word' id='word_1_21' title='bbox 706 657 740 731; x_wconf 90' lang='lat' dir='ltr'><em>in</em></span> <span class='ocrx_word' id='word_1_22' title='bbox 758 643 837 732; x_wconf 74' lang='lat' dir='ltr'><em>stae.</em></span> <span class='ocrx_word' id='word_1_23' title='bbox 854 653 992 732; x_wconf 82' lang='lat' dir='ltr'><em>constr.</em></span> <span class='ocrx_word' id='word_1_24' title='bbox 1012 652 1125 768; x_wconf 57' lang='grc' dir='ltr'><em>Πΐὲὃ</em></span> <span class='ocrx_word' id='word_1_25' title='bbox 1140 660 1319 762; x_wconf 74' lang='lat' dir='ltr'><em>ominus)</em></span> 
     </span>
     <span class='ocr_line' id='line_1_5' title="bbox 204 765 1351 873; baseline 0.01 -31"><span class='ocrx_word' id='word_1_26' title='bbox 204 767 423 846; x_wconf 82' lang='lat' dir='ltr'><strong>Amiculum</strong></span> <span class='ocrx_word' id='word_1_27' title='bbox 446 765 607 844; x_wconf 83' lang='lat' dir='ltr'><em>huntetis</em></span> <span class='ocrx_word' id='word_1_28' title='bbox 628 768 802 868; x_wconf 79' lang='lat' dir='ltr'><em>injedlutn</em></span> <span class='ocrx_word' id='word_1_29' title='bbox 816 765 927 871; x_wconf 67' lang='lat' dir='ltr'><em>lepra</em></span> <span class='ocrx_word' id='word_1_30' title='bbox 947 768 1106 873; x_wconf 74' lang='lat' dir='ltr'><em>reliquos</em></span> <span class='ocrx_word' id='word_1_31' title='bbox 1127 771 1255 864; x_wconf 73' lang='lat' dir='ltr'><em>vestm,</em></span> <span class='ocrx_word' id='word_1_32' title='bbox 1270 778 1322 851; x_wconf 85' lang='lat' dir='ltr'><em>ab</em></span> <span class='ocrx_word' id='word_1_33' title='bbox 1348 847 1351 854; x_wconf 79' lang='grc'>.</span> 
     </span>
     <span class='ocr_line' id='line_1_6' title="bbox 203 875 1324 977; baseline 0.006 -23"><span class='ocrx_word' id='word_1_34' title='bbox 203 877 407 955; x_wconf 86' lang='lat' dir='ltr'><em>eminendo</em></span> <span class='ocrx_word' id='word_1_35' title='bbox 427 875 583 956; x_wconf 68' lang='lat' dir='ltr'><em>dinem.</em></span> <span class='ocrx_word' id='word_1_36' title='bbox 633 883 696 957; x_wconf 85' lang='lat' dir='ltr'><em>Ab</em></span> <span class='ocrx_word' id='word_1_37' title='bbox 716 877 798 975; x_wconf 58' lang='grc' dir='ltr'><em>Ἷὲῐὲ</em></span> <span class='ocrx_word' id='word_1_38' title='bbox 817 893 879 977; x_wconf 64' lang='grc' dir='ltr'><em>ω’,</em></span> <span class='ocrx_word' id='word_1_39' title='bbox 903 879 1075 968; x_wconf 85' lang='lat' dir='ltr'><em>eminuit,</em></span> <span class='ocrx_word' id='word_1_40' title='bbox 1107 881 1324 962; x_wconf 79' lang='lat' dir='ltr'><em>imminuit:</em></span> 
     </span>
    </p>

    <p class='ocr_par' dir='ltr' id='par_1_4' title="bbox 16 985 1327 1216">
     <span class='ocr_line' id='line_1_7' title="bbox 160 985 1327 1098; baseline 0.004 -36"><span class='ocrx_word' id='word_1_41' title='bbox 160 1057 161 1062; x_wconf 75' lang='grc'>,</span> <span class='ocrx_word' id='word_1_42' title='bbox 203 989 305 1068; x_wconf 89' lang='lat' dir='ltr'><em>Hinc</em></span> <span class='ocrx_word' id='word_1_43' title='bbox 330 985 598 1091; x_wconf 78' lang='lat' dir='ltr'><strong>superinduxit,</strong></span> <span class='ocrx_word' id='word_1_44' title='bbox 629 992 811 1067; x_wconf 80' lang='lat' dir='ltr'><em>amicitie.</em></span> <span class='ocrx_word' id='word_1_45' title='bbox 873 985 946 1068; x_wconf 86' lang='lat' dir='ltr'><em>The</em></span> <span class='ocrx_word' id='word_1_46' title='bbox 964 989 1073 1092; x_wconf 83' lang='lat' dir='ltr'><em>ephod</em></span> <span class='ocrx_word' id='word_1_47' title='bbox 1090 1019 1169 1071; x_wconf 80' lang='lat' dir='ltr'><em>eoos</em></span> <span class='ocrx_word' id='word_1_48' title='bbox 1195 1021 1218 1072; x_wconf 91' lang='lat' dir='ltr'><em>o</em></span> <span class='ocrx_word' id='word_1_49' title='bbox 1238 1019 1327 1098; x_wconf 77' lang='lat' dir='ltr'><em>gor·</em></span> 
     </span>
     <span class='ocr_line' id='line_1_8' title="bbox 16 1098 1327 1216; baseline 0.005 -37"><span class='ocrx_word' id='word_1_50' title='bbox 16 1191 18 1198; x_wconf 15' lang='lat' dir='ltr'>y</span> <span class='ocrx_word' id='word_1_51' title='bbox 173 1189 178 1196; x_wconf 24' lang='lat'><strong>¹</strong></span> <span class='ocrx_word' id='word_1_52' title='bbox 204 1123 299 1180; x_wconf 85' lang='lat' dir='ltr'><em>ment</em></span> <span class='ocrx_word' id='word_1_53' title='bbox 327 1098 440 1207; x_wconf 81' lang='lat' dir='ltr'><em>richly</em></span> <span class='ocrx_word' id='word_1_54' title='bbox 469 1101 711 1181; x_wconf 79' lang='lat' dir='ltr'><em>embroldered</em></span> <span class='ocrx_word' id='word_1_55' title='bbox 735 1103 832 1180; x_wconf 74' lang='lat' dir='ltr'><em>wilh</em></span> <span class='ocrx_word' id='word_1_56' title='bbox 850 1127 873 1179; x_wconf 90' lang='lat' dir='ltr'><em>o</em></span> <span class='ocrx_word' id='word_1_57' title='bbox 892 1106 1029 1181; x_wconf 86' lang='lat' dir='ltr'><em>curiouo</em></span> <span class='ocrx_word' id='word_1_58' title='bbox 1046 1113 1192 1213; x_wconf 80' lang='lat' dir='ltr'><em>variety</em></span> <span class='ocrx_word' id='word_1_59' title='bbox 1217 1107 1327 1216; x_wconf 66' lang='lat' dir='ltr'><em>effen·</em></span> 
     </span>
    </p>

    <p class='ocr_par' dir='ltr' id='par_1_5' title="bbox 141 1215 1386 1797">
     <span class='ocr_line' id='line_1_9' title="bbox 141 1215 1325 1332; baseline 0.006 -37"><span class='ocrx_word' id='word_1_60' title='bbox 141 1221 146 1228; x_wconf 81' lang='grc'><strong>’</strong></span> <span class='ocrx_word' id='word_1_61' title='bbox 207 1215 302 1296; x_wconf 86' lang='lat' dir='ltr'><em>lours</em></span> <span class='ocrx_word' id='word_1_62' title='bbox 320 1216 393 1295; x_wconf 85' lang='lat' dir='ltr'><em>aod</em></span> <span class='ocrx_word' id='word_1_63' title='bbox 401 1217 550 1326; x_wconf 83' lang='lat' dir='ltr'><em>figures,</em></span> <span class='ocrx_word' id='word_1_64' title='bbox 585 1237 684 1297; x_wconf 76' lang='lat' dir='ltr'><em>odore</em></span> <span class='ocrx_word' id='word_1_65' title='bbox 702 1219 742 1326; x_wconf 79' lang='lat' dir='ltr'><em>hy</em></span> <span class='ocrx_word' id='word_1_66' title='bbox 763 1219 825 1296; x_wconf 83' lang='lat' dir='ltr'><em>the</em></span> <span class='ocrx_word' id='word_1_67' title='bbox 848 1219 946 1326; x_wconf 83' lang='lat' dir='ltr'><em>High</em></span> <span class='ocrx_word' id='word_1_68' title='bbox 963 1219 1091 1332; x_wconf 66' lang='lat' dir='ltr'><em>Potest</em></span> <span class='ocrx_word' id='word_1_69' title='bbox 1115 1223 1247 1330; x_wconf 80' lang='lat' dir='ltr'><em>during</em></span> <span class='ocrx_word' id='word_1_70' title='bbox 1266 1225 1325 1302; x_wconf 85' lang='lat' dir='ltr'><em>the</em></span> 
     </span>
     <span class='ocr_line' id='line_1_10' title="bbox 208 1329 1328 1442; baseline 0.005 -30"><span class='ocrx_word' id='word_1_71' title='bbox 208 1340 294 1412; x_wconf 88' lang='lat' dir='ltr'><em>time</em></span> <span class='ocrx_word' id='word_1_72' title='bbox 315 1329 423 1442; x_wconf 86' lang='lat' dir='ltr'><em>oshis</em></span> <span class='ocrx_word' id='word_1_73' title='bbox 442 1335 630 1442; x_wconf 80' lang='lat' dir='ltr'><em>officiott&#39;og</em></span> <span class='ocrx_word' id='word_1_74' title='bbox 648 1333 722 1442; x_wconf 77' lang='lat' dir='ltr'><em>only</em></span> <span class='ocrx_word' id='word_1_75' title='bbox 741 1366 756 1413; x_wconf 90' lang='lat'><em>.·</em></span> <span class='ocrx_word' id='word_1_76' title='bbox 788 1334 825 1412; x_wconf 87' lang='lat' dir='ltr'><em>It</em></span> <span class='ocrx_word' id='word_1_77' title='bbox 845 1361 924 1413; x_wconf 81' lang='lat' dir='ltr'><em>eoos</em></span> <span class='ocrx_word' id='word_1_78' title='bbox 943 1351 1012 1438; x_wconf 82' lang='lat' dir='ltr'><em>pot</em></span> <span class='ocrx_word' id='word_1_79' title='bbox 1030 1364 1073 1412; x_wconf 87' lang='lat' dir='ltr'><em>oo</em></span> <span class='ocrx_word' id='word_1_80' title='bbox 1093 1367 1179 1419; x_wconf 84' lang='lat' dir='ltr'><em>over</em></span> <span class='ocrx_word' id='word_1_81' title='bbox 1197 1336 1253 1417; x_wconf 90' lang='lat' dir='ltr'><em>oll</em></span> <span class='ocrx_word' id='word_1_82' title='bbox 1269 1341 1328 1418; x_wconf 85' lang='lat' dir='ltr'><em>the</em></span> 
     </span>
     <span class='ocr_line' id='line_1_11' title="bbox 208 1447 1386 1556; baseline 0.006 -26"><span class='ocrx_word' id='word_1_83' title='bbox 208 1452 308 1530; x_wconf 85' lang='lat' dir='ltr'><em>other</em></span> <span class='ocrx_word' id='word_1_84' title='bbox 330 1473 522 1556; x_wconf 77' lang='lat' dir='ltr'><em>gorooeolt,</em></span> <span class='ocrx_word' id='word_1_85' title='bbox 555 1449 625 1527; x_wconf 86' lang='lat' dir='ltr'><em>ond</em></span> <span class='ocrx_word' id='word_1_86' title='bbox 643 1451 831 1528; x_wconf 83' lang='lat' dir='ltr'><em>reachedo</em></span> <span class='ocrx_word' id='word_1_87' title='bbox 859 1447 955 1529; x_wconf 79' lang='lat' dir='ltr'><em>little</em></span> <span class='ocrx_word' id='word_1_88' title='bbox 982 1449 1096 1532; x_wconf 82' lang='lat' dir='ltr'><em>below</em></span> <span class='ocrx_word' id='word_1_89' title='bbox 1122 1459 1180 1534; x_wconf 84' lang='lat' dir='ltr'><em>the</em></span> <span class='ocrx_word' id='word_1_90' title='bbox 1197 1453 1329 1536; x_wconf 79' lang='lat' dir='ltr'><em>middle</em></span> <span class='ocrx_word' id='word_1_91' title='bbox 1383 1453 1386 1459; x_wconf 14' lang='grc' dir='ltr'>λ</span> 
     </span>
     <span class='ocr_line' id='line_1_12' title="bbox 208 1561 1321 1678; baseline 0.003 -34"><span class='ocrx_word' id='word_1_92' title='bbox 208 1563 322 1669; x_wconf 45' lang='lat' dir='ltr'><em>pethe</em></span> <span class='ocrx_word' id='word_1_93' title='bbox 342 1567 438 1675; x_wconf 82' lang='lat' dir='ltr'><em>hody.</em></span> <span class='ocrx_word' id='word_1_94' title='bbox 476 1565 628 1645; x_wconf 85' lang='lat' dir='ltr'><em>Several</em></span> <span class='ocrx_word' id='word_1_95' title='bbox 648 1566 794 1645; x_wconf 80' lang='lat' dir='ltr'><em>learned</em></span> <span class='ocrx_word' id='word_1_96' title='bbox 809 1595 885 1645; x_wconf 90' lang='lat' dir='ltr'><em>men</em></span> <span class='ocrx_word' id='word_1_97' title='bbox 893 1561 963 1674; x_wconf 81' lang='lat' dir='ltr'><em>say</em></span> <span class='ocrx_word' id='word_1_98' title='bbox 985 1572 1016 1644; x_wconf 88' lang='lat' dir='ltr'><em>it</em></span> <span class='ocrx_word' id='word_1_99' title='bbox 1034 1569 1110 1647; x_wconf 82' lang='lat' dir='ltr'><em>bod</em></span> <span class='ocrx_word' id='word_1_100' title='bbox 1123 1601 1164 1650; x_wconf 88' lang='lat' dir='ltr'><em>no</em></span> <span class='ocrx_word' id='word_1_101' title='bbox 1172 1571 1321 1678; x_wconf 84' lang='lat' dir='ltr'><em>steeoes,</em></span> 
     </span>
     <span class='ocr_line' id='line_1_13' title="bbox 209 1680 1326 1797; baseline 0.004 -37"><span class='ocrx_word' id='word_1_102' title='bbox 209 1683 285 1762; x_wconf 85' lang='lat' dir='ltr'><em>ond</em></span> <span class='ocrx_word' id='word_1_103' title='bbox 300 1682 554 1797; x_wconf 80' lang='lat' dir='ltr'><em>wesfosleued</em></span> <span class='ocrx_word' id='word_1_104' title='bbox 570 1710 612 1762; x_wconf 88' lang='lat' dir='ltr'><em>on</em></span> <span class='ocrx_word' id='word_1_105' title='bbox 629 1685 711 1762; x_wconf 86' lang='lat' dir='ltr'><em>euch</em></span> <span class='ocrx_word' id='word_1_106' title='bbox 726 1680 891 1788; x_wconf 79' lang='lat' dir='ltr'><em>shoulder</em></span> <span class='ocrx_word' id='word_1_107' title='bbox 911 1683 951 1787; x_wconf 79' lang='lat' dir='ltr'><em>hy</em></span> <span class='ocrx_word' id='word_1_108' title='bbox 972 1704 1049 1764; x_wconf 83' lang='lat' dir='ltr'><em>two</em></span> <span class='ocrx_word' id='word_1_109' title='bbox 1072 1689 1185 1790; x_wconf 86' lang='lat' dir='ltr'><em>pieces</em></span> <span class='ocrx_word' id='word_1_110' title='bbox 1197 1684 1326 1792; x_wconf 83' lang='lat' dir='ltr'><em>joined</em></span> 
     </span>
    </p>

    <p class='ocr_par' dir='ltr' id='par_1_6' title="bbox 158 1793 1463 2144">
     <span class='ocr_line' id='line_1_14' title="bbox 158 1793 1329 1910; baseline 0.001 -31"><span class='ocrx_word' id='word_1_111' title='bbox 158 1801 166 1814; x_wconf 87' lang='lat'>&#39;</span> <span class='ocrx_word' id='word_1_112' title='bbox 210 1799 367 1908; x_wconf 79' lang='lat' dir='ltr'><em>together</em></span> <span class='ocrx_word' id='word_1_113' title='bbox 395 1800 435 1910; x_wconf 76' lang='lat' dir='ltr'><em>hy</em></span> <span class='ocrx_word' id='word_1_114' title='bbox 467 1793 639 1906; x_wconf 77' lang='lat' dir='ltr'><em>ogolcleo</em></span> <span class='ocrx_word' id='word_1_115' title='bbox 666 1799 799 1894; x_wconf 83' lang='lat' dir='ltr'><em>hutten,</em></span> <span class='ocrx_word' id='word_1_116' title='bbox 834 1825 875 1876; x_wconf 89' lang='lat' dir='ltr'><em>on</em></span> <span class='ocrx_word' id='word_1_117' title='bbox 893 1799 1010 1876; x_wconf 82' lang='lat' dir='ltr'><em>which</em></span> <span class='ocrx_word' id='word_1_118' title='bbox 1031 1829 1111 1878; x_wconf 78' lang='lat' dir='ltr'><em>eoos</em></span> <span class='ocrx_word' id='word_1_119' title='bbox 1129 1831 1151 1881; x_wconf 87' lang='lat' dir='ltr'><em>a</em></span> <span class='ocrx_word' id='word_1_120' title='bbox 1163 1808 1329 1906; x_wconf 85' lang='lat' dir='ltr'><em>precious</em></span> 
     </span>
     <span class='ocr_line' id='line_1_15' title="bbox 199 1914 1463 2033; baseline 0.003 -39"><span class='ocrx_word' id='word_1_121' title='bbox 199 1916 301 2026; x_wconf 82' lang='lat' dir='ltr'><em>sleoe</em></span> <span class='ocrx_word' id='word_1_122' title='bbox 316 1916 496 2023; x_wconf 80' lang='lat' dir='ltr'><em>engruvetl</em></span> <span class='ocrx_word' id='word_1_123' title='bbox 512 1915 609 1995; x_wconf 80' lang='lat' dir='ltr'><em>with</em></span> <span class='ocrx_word' id='word_1_124' title='bbox 626 1917 685 1994; x_wconf 83' lang='lat' dir='ltr'><em>the</em></span> <span class='ocrx_word' id='word_1_125' title='bbox 704 1942 818 1994; x_wconf 78' lang='lat' dir='ltr'><em>etoooes</em></span> <span class='ocrx_word' id='word_1_126' title='bbox 836 1914 882 2022; x_wconf 91' lang='lat' dir='ltr'><em>os</em></span> <span class='ocrx_word' id='word_1_127' title='bbox 889 1915 946 1993; x_wconf 84' lang='lat' dir='ltr'><em>the</em></span> <span class='ocrx_word' id='word_1_128' title='bbox 965 1915 1101 1996; x_wconf 83' lang='lat' dir='ltr'><em>twelve</em></span> <span class='ocrx_word' id='word_1_129' title='bbox 1120 1919 1243 2016; x_wconf 83' lang='lat' dir='ltr'><em>tribes,</em></span> <span class='ocrx_word' id='word_1_130' title='bbox 1261 1917 1329 2033; x_wconf 83' lang='lat' dir='ltr'><em>fix</em></span> <span class='ocrx_word' id='word_1_131' title='bbox 1461 1931 1463 1940; x_wconf 83' lang='grc'>’</span> 
     </span>
     <span class='ocr_line' id='line_1_16' title="bbox 211 2028 1277 2144; baseline -0.001 -33"><span class='ocrx_word' id='word_1_132' title='bbox 211 2060 254 2111; x_wconf 87' lang='lat' dir='ltr'><em>on</em></span> <span class='ocrx_word' id='word_1_133' title='bbox 279 2031 337 2110; x_wconf 87' lang='lat' dir='ltr'><em>the</em></span> <span class='ocrx_word' id='word_1_134' title='bbox 366 2060 427 2111; x_wconf 87' lang='lat' dir='ltr'><em>one</em></span> <span class='ocrx_word' id='word_1_135' title='bbox 441 2029 617 2137; x_wconf 81' lang='lat' dir='ltr'><em>shoulder,</em></span> <span class='ocrx_word' id='word_1_136' title='bbox 646 2031 720 2110; x_wconf 86' lang='lat' dir='ltr'><em>aod</em></span> <span class='ocrx_word' id='word_1_137' title='bbox 729 2028 795 2142; x_wconf 81' lang='lat' dir='ltr'><em>fix</em></span> <span class='ocrx_word' id='word_1_138' title='bbox 816 2059 858 2108; x_wconf 87' lang='lat' dir='ltr'><em>on</em></span> <span class='ocrx_word' id='word_1_139' title='bbox 878 2031 936 2108; x_wconf 85' lang='lat' dir='ltr'><em>the</em></span> <span class='ocrx_word' id='word_1_140' title='bbox 960 2031 1061 2112; x_wconf 78' lang='lat' dir='ltr'><em>other</em></span> <span class='ocrx_word' id='word_1_141' title='bbox 1080 2030 1147 2144; x_wconf 82' lang='grc' dir='ltr'>(ι).</span> <span class='ocrx_word' id='word_1_142' title='bbox 1273 2037 1277 2042; x_wconf 79' lang='grc'><strong>’</strong></span> 
     </span>
    </p>

    <p class='ocr_par' dir='ltr' id='par_1_7' title="bbox 155 2140 1324 2366">
     <span class='ocr_line' id='line_1_17' title="bbox 155 2140 1324 2250; baseline 0 -26"><span class='ocrx_word' id='word_1_143' title='bbox 155 2171 277 2249; x_wconf 86' lang='lat'>2531.</span> <span class='ocrx_word' id='word_1_144' title='bbox 296 2141 407 2228; x_wconf 81' lang='lat' dir='ltr'><em>Vntt‘.</em></span> <span class='ocrx_word' id='word_1_145' title='bbox 430 2149 469 2226; x_wconf 88' lang='lat'><em>8.</em></span> <span class='ocrx_word' id='word_1_146' title='bbox 493 2140 570 2244; x_wconf 57' lang='lat' dir='ltr'><em>tyn</em></span> <span class='ocrx_word' id='word_1_147' title='bbox 600 2145 802 2237; x_wconf 73' lang='lat' dir='ltr'><em>Peelotole,</em></span> <span class='ocrx_word' id='word_1_148' title='bbox 834 2171 855 2222; x_wconf 86' lang='lat' dir='ltr'>a</span> <span class='ocrx_word' id='word_1_149' title='bbox 877 2144 1151 2250; x_wconf 87' lang='lat' dir='ltr'><em>pulchritudine</em></span> <span class='ocrx_word' id='word_1_150' title='bbox 1171 2149 1222 2226; x_wconf 87' lang='lat' dir='ltr'><em>ita</em></span> <span class='ocrx_word' id='word_1_151' title='bbox 1241 2143 1324 2224; x_wconf 91' lang='lat' dir='ltr'><em>dic-</em></span> 
     </span>
     <span class='ocr_line' id='line_1_18' title="bbox 207 2252 1323 2366; baseline -0.004 -26"><span class='ocrx_word' id='word_1_152' title='bbox 207 2275 303 2350; x_wconf 88' lang='lat' dir='ltr'><em>tum,</em></span> <span class='ocrx_word' id='word_1_153' title='bbox 334 2261 391 2337; x_wconf 93' lang='lat' dir='ltr'><em>vel</em></span> <span class='ocrx_word' id='word_1_154' title='bbox 424 2259 543 2364; x_wconf 88' lang='lat' dir='ltr'><em>potius</em></span> <span class='ocrx_word' id='word_1_155' title='bbox 569 2255 618 2335; x_wconf 87' lang='lat' dir='ltr'><em>ab</em></span> <span class='ocrx_word' id='word_1_156' title='bbox 644 2252 807 2366; x_wconf 82' lang='lat' dir='ltr'><em>eliquato</em></span> <span class='ocrx_word' id='word_1_157' title='bbox 826 2259 945 2334; x_wconf 84' lang='lat' dir='ltr'><em>nitore</em></span> <span class='ocrx_word' id='word_1_158' title='bbox 964 2274 1000 2336; x_wconf 87' lang='lat' dir='ltr'><em>et</em></span> <span class='ocrx_word' id='word_1_159' title='bbox 1020 2255 1225 2364; x_wconf 81' lang='lat' dir='ltr'><em>splendore,</em></span> <span class='ocrx_word' id='word_1_160' title='bbox 1259 2261 1323 2339; x_wconf 92' lang='lat' dir='ltr'><em>ubi</em></span> 
     </span>
    </p>

    <p class='ocr_par' dir='ltr' id='par_1_8' title="bbox 1030 2369 1326 2472">
     <span class='ocr_line' id='line_1_19' title="bbox 1030 2369 1326 2472; baseline 0.014 -28"><span class='ocrx_word' id='word_1_161' title='bbox 1030 2391 1032 2396; x_wconf 88' lang='lat'>·</span> <span class='ocrx_word' id='word_1_162' title='bbox 1130 2384 1135 2400; x_wconf 93' lang='grc'>·</span> <span class='ocrx_word' id='word_1_163' title='bbox 1235 2369 1326 2472; x_wconf 84' lang='lat' dir='ltr'><em>¹jnnt</em></span> 
     </span>
    </p>
   </div>
   <div class='ocr_carea' id='block_1_3' title="bbox 154 2497 1330 3006">
    <p class='ocr_par' dir='ltr' id='par_1_9' title="bbox 154 2497 1330 3006">
     <span class='ocr_line' id='line_1_20' title="bbox 198 2497 1328 2590; baseline -0.004 -22"><span class='ocrx_word' id='word_1_164' title='bbox 198 2505 238 2590; x_wconf 86' lang='lat' dir='ltr'><em>(s)</em></span> <span class='ocrx_word' id='word_1_165' title='bbox 260 2503 299 2570; x_wconf 89' lang='lat' dir='ltr'><em>Hi</em></span> <span class='ocrx_word' id='word_1_166' title='bbox 322 2525 357 2568; x_wconf 85' lang='lat' dir='ltr'><em>ce</em></span> <span class='ocrx_word' id='word_1_167' title='bbox 374 2505 477 2568; x_wconf 87' lang='lat' dir='ltr'><em>modus</em></span> <span class='ocrx_word' id='word_1_168' title='bbox 493 2505 633 2588; x_wconf 90' lang='lat' dir='ltr'><em>loquendi</em></span> <span class='ocrx_word' id='word_1_169' title='bbox 649 2505 812 2572; x_wconf 81' lang='lat' dir='ltr'><em>illustratur</em></span> <span class='ocrx_word' id='word_1_170' title='bbox 826 2527 865 2570; x_wconf 85' lang='lat' dir='ltr'><em>ex</em></span> <span class='ocrx_word' id='word_1_171' title='bbox 881 2503 981 2570; x_wconf 85' lang='lat' dir='ltr'><em>Exod.</em></span> <span class='ocrx_word' id='word_1_172' title='bbox 995 2505 1103 2570; x_wconf 86' lang='lat' dir='ltr'><em>xxviii.</em></span> <span class='ocrx_word' id='word_1_173' title='bbox 1124 2521 1171 2580; x_wconf 89' lang='lat'><em>17.</em></span> <span class='ocrx_word' id='word_1_174' title='bbox 1194 2497 1328 2578; x_wconf 66' lang='lat' dir='ltr'><em>57&amp;th</em></span> 
     </span>
     <span class='ocr_line' id='line_1_21' title="bbox 154 2526 1330 2686; baseline -0.01 -24"><span class='ocrx_word' id='word_1_175' title='bbox 154 2595 227 2671; x_wconf 62' lang='lat' dir='ltr'><em>llll&lt;</em></span> <span class='ocrx_word' id='word_1_176' title='bbox 244 2526 361 2660; x_wconf 64' lang='lat' dir='ltr'><em>nobb</em></span> <span class='ocrx_word' id='word_1_177' title='bbox 378 2593 421 2677; x_wconf 71' lang='lat'><em>12</em></span> <span class='ocrx_word' id='word_1_178' title='bbox 441 2591 481 2655; x_wconf 83' lang='lat' dir='ltr'><em>Et</em></span> <span class='ocrx_word' id='word_1_179' title='bbox 496 2591 628 2676; x_wconf 80' lang='lat' dir='ltr'><em>buplehis</em></span> <span class='ocrx_word' id='word_1_180' title='bbox 643 2593 674 2656; x_wconf 85' lang='lat' dir='ltr'><em>in</em></span> <span class='ocrx_word' id='word_1_181' title='bbox 690 2614 721 2659; x_wconf 87' lang='lat' dir='ltr'><em>eo</em></span> <span class='ocrx_word' id='word_1_182' title='bbox 742 2591 925 2680; x_wconf 83' lang='lat' dir='ltr'><em>impletione</em></span> <span class='ocrx_word' id='word_1_183' title='bbox 941 2590 1095 2676; x_wconf 82' lang='lat' dir='ltr'><em>lapidum,</em></span> <span class='ocrx_word' id='word_1_184' title='bbox 1116 2588 1220 2676; x_wconf 78' lang='lat' dir='ltr'><em>quibus</em></span> <span class='ocrx_word' id='word_1_185' title='bbox 1242 2589 1330 2686; x_wconf 78' lang='lat' dir='ltr'><em>palae</em></span> 
     </span>
     <span class='ocr_line' id='line_1_22' title="bbox 154 2675 1329 2767; baseline -0.003 -26"><span class='ocrx_word' id='word_1_186' title='bbox 154 2675 316 2762; x_wconf 74' lang='lat' dir='ltr'><em>pellotahs</em></span> <span class='ocrx_word' id='word_1_187' title='bbox 331 2675 535 2758; x_wconf 78' lang='lat' dir='ltr'><em>implebantur</em></span> <span class='ocrx_word' id='word_1_188' title='bbox 554 2700 561 2739; x_wconf 93' lang='lat'>:</span> <span class='ocrx_word' id='word_1_189' title='bbox 579 2683 601 2714; x_wconf 86' lang='lat'>“</span> <span class='ocrx_word' id='word_1_190' title='bbox 624 2681 694 2742; x_wconf 86' lang='lat' dir='ltr'><em>And</em></span> <span class='ocrx_word' id='word_1_191' title='bbox 711 2679 785 2742; x_wconf 89' lang='lat' dir='ltr'><em>thou</em></span> <span class='ocrx_word' id='word_1_192' title='bbox 802 2679 872 2743; x_wconf 85' lang='lat' dir='ltr'><em>lhalt</em></span> <span class='ocrx_word' id='word_1_193' title='bbox 889 2677 931 2742; x_wconf 87' lang='lat' dir='ltr'><em>set</em></span> <span class='ocrx_word' id='word_1_194' title='bbox 957 2675 1051 2760; x_wconf 81' lang='lat' dir='ltr'><em>(neb.</em></span> <span class='ocrx_word' id='word_1_195' title='bbox 1067 2677 1137 2767; x_wconf 74' lang='lat' dir='ltr'><em>fill)</em></span> <span class='ocrx_word' id='word_1_196' title='bbox 1163 2675 1279 2740; x_wconf 82' lang='lat' dir='ltr'><em>allone</em></span> <span class='ocrx_word' id='word_1_197' title='bbox 1294 2695 1329 2738; x_wconf 87' lang='lat' dir='ltr'><em>tn</em></span> 
     </span>
     <span class='ocr_line' id='line_1_23' title="bbox 156 2742 1329 2850; baseline 0 -26"><span class='ocrx_word' id='word_1_198' title='bbox 156 2769 180 2799; x_wconf 86' lang='lat'><strong>“</strong></span> <span class='ocrx_word' id='word_1_199' title='bbox 204 2762 256 2825; x_wconf 86' lang='lat' dir='ltr'><em>the</em></span> <span class='ocrx_word' id='word_1_200' title='bbox 273 2759 374 2825; x_wconf 85' lang='lat' dir='ltr'><em>locket</em></span> <span class='ocrx_word' id='word_1_201' title='bbox 390 2781 424 2824; x_wconf 84' lang='lat' dir='ltr'><em>ot</em></span> <span class='ocrx_word' id='word_1_202' title='bbox 445 2762 574 2845; x_wconf 70' lang='lat' dir='ltr'><em>cavityl’</em></span> <span class='ocrx_word' id='word_1_203' title='bbox 617 2763 664 2827; x_wconf 91' lang='lat' dir='ltr'><em>Sic</em></span> <span class='ocrx_word' id='word_1_204' title='bbox 681 2742 840 2835; x_wconf 64' lang='lat' dir='ltr'><em>wellen</em></span> <span class='ocrx_word' id='word_1_205' title='bbox 858 2769 949 2836; x_wconf 66' lang='lat' dir='ltr'><em>’nte</em></span> <span class='ocrx_word' id='word_1_206' title='bbox 964 2755 1090 2846; x_wconf 65' lang='lat' dir='ltr'><em>lapidee,</em></span> <span class='ocrx_word' id='word_1_207' title='bbox 1113 2782 1255 2850; x_wconf 81' lang='lat' dir='ltr'><em>gemmae</em></span> <span class='ocrx_word' id='word_1_208' title='bbox 1270 2759 1329 2825; x_wconf 90' lang='lat' dir='ltr'><em>im-</em></span> 
     </span>
     <span class='ocr_line' id='line_1_24' title="bbox 154 2847 1328 3006; baseline -0.003 -94"><span class='ocrx_word' id='word_1_209' title='bbox 154 2848 341 2935; x_wconf 87' lang='lat' dir='ltr'><em>pletiooum,</em></span> <span class='ocrx_word' id='word_1_210' title='bbox 356 2854 378 2886; x_wconf 77' lang='lat'><em>‘⁴</em></span> <span class='ocrx_word' id='word_1_211' title='bbox 395 2847 504 2914; x_wconf 83' lang='lat' dir='ltr'><em>Stonee</em></span> <span class='ocrx_word' id='word_1_212' title='bbox 517 2847 553 2912; x_wconf 85' lang='lat' dir='ltr'><em>of</em></span> <span class='ocrx_word' id='word_1_213' title='bbox 565 2847 688 2934; x_wconf 77' lang='lat' dir='ltr'><em>fillings,</em></span> <span class='ocrx_word' id='word_1_214' title='bbox 704 2847 879 3006; x_wconf 31' lang='lat' dir='ltr'><em>ipplo&#39;pngs,</em></span> <span class='ocrx_word' id='word_1_215' title='bbox 895 2849 915 2912; x_wconf 89' lang='lat' dir='ltr'><em>i.</em></span> <span class='ocrx_word' id='word_1_216' title='bbox 929 2871 955 2912; x_wconf 85' lang='lat' dir='ltr'><em>e.</em></span> <span class='ocrx_word' id='word_1_217' title='bbox 973 2849 1082 2914; x_wconf 85' lang='lat' dir='ltr'><em>Stonet</em></span> <span class='ocrx_word' id='word_1_218' title='bbox 1096 2847 1146 2912; x_wconf 87' lang='lat' dir='ltr'><em>lot</em></span> <span class='ocrx_word' id='word_1_219' title='bbox 1160 2847 1258 2936; x_wconf 85' lang='lat' dir='ltr'><em>filling</em></span> <span class='ocrx_word' id='word_1_220' title='bbox 1272 2865 1328 2994; x_wconf 73' lang='lat' dir='ltr'><em>up,</em></span> 
     </span>
    </p>
   </div>
   <div class='ocr_carea' id='block_1_4' title="bbox 61 2931 1348 4570">
    <p class='ocr_par' dir='ltr' id='par_1_10' title="bbox 61 2931 1348 4570">
     <span class='ocr_line' id='line_1_25' title="bbox 156 2931 1327 3020; baseline -0.003 -22"><span class='ocrx_word' id='word_1_221' title='bbox 156 2942 181 2974; x_wconf 83' lang='lat'><strong>“</strong></span> <span class='ocrx_word' id='word_1_222' title='bbox 204 2931 428 2998; x_wconf 82' lang='lat' dir='ltr'><em>ottobelet&#39;.&#39;&#39;</em></span> <span class='ocrx_word' id='word_1_223' title='bbox 469 2934 517 2998; x_wconf 90' lang='lat' dir='ltr'><em>Sic</em></span> <span class='ocrx_word' id='word_1_224' title='bbox 533 2933 622 2998; x_wconf 78' lang='lat' dir='ltr'><em>etiam</em></span> <span class='ocrx_word' id='word_1_225' title='bbox 641 2941 780 3020; x_wconf 60' lang='grc' dir='ltr'><em>ΠΜ</em></span> <span class='ocrx_word' id='word_1_226' title='bbox 825 2942 866 3006; x_wconf 66' lang='lat' dir='ltr'><em>’ld</em></span> <span class='ocrx_word' id='word_1_227' title='bbox 884 2933 960 3000; x_wconf 78' lang='lat' dir='ltr'><em>aries</em></span> <span class='ocrx_word' id='word_1_228' title='bbox 975 2935 1202 3020; x_wconf 88' lang='lat' dir='ltr'><em>impletionont,</em></span> <span class='ocrx_word' id='word_1_229' title='bbox 1225 2955 1281 2996; x_wconf 90' lang='lat' dir='ltr'><em>con</em></span> <span class='ocrx_word' id='word_1_230' title='bbox 1297 2953 1327 2995; x_wconf 91' lang='lat' dir='ltr'><em>e·</em></span> 
     </span>
     <span class='ocr_line' id='line_1_26' title="bbox 155 3017 1329 3106; baseline -0.003 -20"><span class='ocrx_word' id='word_1_231' title='bbox 155 3021 337 3098; x_wconf 80' lang='lat' dir='ltr'><em>orationum,</em></span> <span class='ocrx_word' id='word_1_232' title='bbox 354 3019 436 3100; x_wconf 80' lang='lat' dir='ltr'><em>(“A</em></span> <span class='ocrx_word' id='word_1_233' title='bbox 452 3042 512 3085; x_wconf 79' lang='lat' dir='ltr'><em>tam</em></span> <span class='ocrx_word' id='word_1_234' title='bbox 525 3019 561 3084; x_wconf 85' lang='lat' dir='ltr'><em>ol</em></span> <span class='ocrx_word' id='word_1_235' title='bbox 572 3017 824 3094; x_wconf 81' lang='lat' dir='ltr'><em>consectation,&#39;i.</em></span> <span class='ocrx_word' id='word_1_236' title='bbox 836 3045 857 3083; x_wconf 86' lang='lat' dir='ltr'><em>e.</em></span> <span class='ocrx_word' id='word_1_237' title='bbox 872 3025 898 3083; x_wconf 87' lang='grc' dir='ltr'>Α</span> <span class='ocrx_word' id='word_1_238' title='bbox 912 3041 990 3097; x_wconf 82' lang='lat' dir='ltr'><em>tam,</em></span> <span class='ocrx_word' id='word_1_239' title='bbox 1001 3022 1073 3085; x_wconf 85' lang='lat' dir='ltr'><em>with</em></span> <span class='ocrx_word' id='word_1_240' title='bbox 1091 3037 1171 3106; x_wconf 77' lang='lat' dir='ltr'><em>parts</em></span> <span class='ocrx_word' id='word_1_241' title='bbox 1182 3019 1218 3084; x_wconf 85' lang='lat' dir='ltr'><em>oi</em></span> <span class='ocrx_word' id='word_1_242' title='bbox 1227 3019 1329 3082; x_wconf 81' lang='lat' dir='ltr'><em>which</em></span> 
     </span>
     <span class='ocr_line' id='line_1_27' title="bbox 155 3103 1329 3191; baseline -0.004 -18"><span class='ocrx_word' id='word_1_243' title='bbox 155 3114 179 3147; x_wconf 88' lang='lat'><strong>“</strong></span> <span class='ocrx_word' id='word_1_244' title='bbox 201 3109 253 3173; x_wconf 88' lang='lat' dir='ltr'><em>the</em></span> <span class='ocrx_word' id='word_1_245' title='bbox 275 3107 368 3170; x_wconf 78' lang='lat' dir='ltr'><em>handu</em></span> <span class='ocrx_word' id='word_1_246' title='bbox 390 3105 427 3170; x_wconf 82' lang='lat' dir='ltr'><em>ol</em></span> <span class='ocrx_word' id='word_1_247' title='bbox 449 3109 501 3172; x_wconf 86' lang='lat' dir='ltr'><em>the</em></span> <span class='ocrx_word' id='word_1_248' title='bbox 525 3105 627 3191; x_wconf 83' lang='lat' dir='ltr'><em>priests</em></span> <span class='ocrx_word' id='word_1_249' title='bbox 647 3127 724 3168; x_wconf 81' lang='lat' dir='ltr'><em>nete</em></span> <span class='ocrx_word' id='word_1_250' title='bbox 742 3103 823 3169; x_wconf 88' lang='lat' dir='ltr'><em>filled</em></span> <span class='ocrx_word' id='word_1_251' title='bbox 845 3124 873 3170; x_wconf 88' lang='lat' dir='ltr'><em>at</em></span> <span class='ocrx_word' id='word_1_252' title='bbox 895 3103 976 3171; x_wconf 80' lang='lat' dir='ltr'><em>their</em></span> <span class='ocrx_word' id='word_1_253' title='bbox 993 3106 1244 3189; x_wconf 85' lang='lat' dir='ltr'><em>consectation·’&#39;)</em></span> <span class='ocrx_word' id='word_1_254' title='bbox 1264 3107 1283 3167; x_wconf 87' lang='lat' dir='ltr'><em>i.</em></span> <span class='ocrx_word' id='word_1_255' title='bbox 1298 3125 1329 3168; x_wconf 89' lang='lat' dir='ltr'><em>e.</em></span> 
     </span>
     <span class='ocr_line' id='line_1_28' title="bbox 155 3189 1329 3280; baseline -0.004 -19"><span class='ocrx_word' id='word_1_256' title='bbox 155 3193 204 3280; x_wconf 90' lang='lat' dir='ltr'><em>qui</em></span> <span class='ocrx_word' id='word_1_257' title='bbox 234 3193 449 3260; x_wconf 84' lang='lat' dir='ltr'><em>immolabatur</em></span> <span class='ocrx_word' id='word_1_258' title='bbox 477 3197 508 3257; x_wconf 85' lang='lat' dir='ltr'><em>ln</em></span> <span class='ocrx_word' id='word_1_259' title='bbox 536 3189 762 3258; x_wconf 81' lang='lat' dir='ltr'><em>coniectatione</em></span> <span class='ocrx_word' id='word_1_260' title='bbox 792 3189 898 3260; x_wconf 86' lang='lat' dir='ltr'><em>summi</em></span> <span class='ocrx_word' id='word_1_261' title='bbox 926 3192 1097 3260; x_wconf 82' lang='lat' dir='ltr'><em>sacerdotis.</em></span> <span class='ocrx_word' id='word_1_262' title='bbox 1133 3189 1206 3257; x_wconf 91' lang='lat' dir='ltr'><em>Vid.</em></span> <span class='ocrx_word' id='word_1_263' title='bbox 1226 3193 1329 3259; x_wconf 84' lang='lat' dir='ltr'><em>Exod.</em></span> 
     </span>
     <span class='ocr_line' id='line_1_29' title="bbox 155 3279 1090 3358; baseline -0.007 -10"><span class='ocrx_word' id='word_1_264' title='bbox 155 3281 245 3358; x_wconf 82' lang='lat' dir='ltr'><em>xxix,</em></span> <span class='ocrx_word' id='word_1_265' title='bbox 263 3297 314 3343; x_wconf 83' lang='lat'><em>22.</em></span> <span class='ocrx_word' id='word_1_266' title='bbox 338 3296 366 3340; x_wconf 88' lang='lat' dir='ltr'><em>ct</em></span> <span class='ocrx_word' id='word_1_267' title='bbox 384 3279 491 3343; x_wconf 73' lang='lat' dir='ltr'><em>xxviii.</em></span> <span class='ocrx_word' id='word_1_268' title='bbox 510 3301 561 3358; x_wconf 87' lang='lat'><em>4¹·</em></span> <span class='ocrx_word' id='word_1_269' title='bbox 778 3347 781 3354; x_wconf 66' lang='grc'><em>,</em></span> <span class='ocrx_word' id='word_1_270' title='bbox 1089 3353 1090 3358; x_wconf 10' lang='lat'>1</span> 
     </span>
     <span class='ocr_line' id='line_1_30' title="bbox 196 3359 1333 3452; baseline -0.002 -24"><span class='ocrx_word' id='word_1_271' title='bbox 196 3369 208 3450; x_wconf 88' lang='lat'>(</span> <span class='ocrx_word' id='word_1_272' title='bbox 217 3367 250 3449; x_wconf 81' lang='lat' dir='ltr'><em>t)</em></span> <span class='ocrx_word' id='word_1_273' title='bbox 265 3363 382 3448; x_wconf 85' lang='lat' dir='ltr'><em>prod,</em></span> <span class='ocrx_word' id='word_1_274' title='bbox 394 3365 555 3432; x_wconf 83' lang='lat' dir='ltr'><em>amiculum</em></span> <span class='ocrx_word' id='word_1_275' title='bbox 567 3359 702 3430; x_wconf 82' lang='lat' dir='ltr'><em>constane</em></span> <span class='ocrx_word' id='word_1_276' title='bbox 712 3383 751 3428; x_wconf 83' lang='lat' dir='ltr'><em>ex</em></span> <span class='ocrx_word' id='word_1_277' title='bbox 761 3361 829 3426; x_wconf 68' lang='lat' dir='ltr'><em>lani</em></span> <span class='ocrx_word' id='word_1_278' title='bbox 840 3363 1052 3446; x_wconf 71' lang='lat' dir='ltr'><em>hyacinthini,</em></span> <span class='ocrx_word' id='word_1_279' title='bbox 1064 3365 1223 3452; x_wconf 71' lang='lat' dir='ltr'><em>purpurei,</em></span> <span class='ocrx_word' id='word_1_280' title='bbox 1233 3362 1333 3426; x_wconf 90' lang='lat' dir='ltr'><em>cocci·</em></span> 
     </span>
     <span class='ocr_line' id='line_1_31' title="bbox 156 3443 1348 3538; baseline -0.003 -21"><span class='ocrx_word' id='word_1_281' title='bbox 156 3447 345 3534; x_wconf 71' lang='lat' dir='ltr'><em>ned,ethyllu</em></span> <span class='ocrx_word' id='word_1_282' title='bbox 355 3443 574 3536; x_wconf 76' lang='lat' dir='ltr'><em>retottdpallio</em></span> <span class='ocrx_word' id='word_1_283' title='bbox 583 3449 775 3522; x_wconf 63' lang='lat' dir='ltr'><em>brevionsme</em></span> <span class='ocrx_word' id='word_1_284' title='bbox 788 3449 975 3534; x_wconf 84' lang='lat' dir='ltr'><em>manicis,(ut</em></span> <span class='ocrx_word' id='word_1_285' title='bbox 987 3451 1105 3534; x_wconf 89' lang='lat' dir='ltr'><em>quidam</em></span> <span class='ocrx_word' id='word_1_286' title='bbox 1119 3449 1331 3533; x_wconf 86' lang='lat' dir='ltr'><em>volunt)qnod</em></span> <span class='ocrx_word' id='word_1_287' title='bbox 1346 3525 1348 3538; x_wconf 40' lang='grc' dir='ltr'>Ι</span> 
     </span>
     <span class='ocr_line' id='line_1_32' title="bbox 156 3534 1332 3624; baseline -0.004 -22"><span class='ocrx_word' id='word_1_288' title='bbox 156 3543 240 3624; x_wconf 83' lang='lat' dir='ltr'><em>l&#39;npta</em></span> <span class='ocrx_word' id='word_1_289' title='bbox 252 3536 375 3622; x_wconf 85' lang='lat' dir='ltr'><em>pallium</em></span> <span class='ocrx_word' id='word_1_290' title='bbox 388 3537 530 3602; x_wconf 82' lang='lat' dir='ltr'><em>induebat</em></span> <span class='ocrx_word' id='word_1_291' title='bbox 540 3537 689 3622; x_wconf 83' lang='lat' dir='ltr'><em>pontifex.</em></span> <span class='ocrx_word' id='word_1_292' title='bbox 702 3539 733 3599; x_wconf 92' lang='lat' dir='ltr'><em>ld</em></span> <span class='ocrx_word' id='word_1_293' title='bbox 746 3535 783 3597; x_wconf 86' lang='lat' dir='ltr'><em>ab</em></span> <span class='ocrx_word' id='word_1_294' title='bbox 795 3536 1014 3622; x_wconf 80' lang='lat' dir='ltr'><em>humeris,qnos</em></span> <span class='ocrx_word' id='word_1_295' title='bbox 1021 3541 1156 3608; x_wconf 73' lang='lat' dir='ltr'><em>mom</em></span> <span class='ocrx_word' id='word_1_296' title='bbox 1164 3534 1332 3598; x_wconf 83' lang='lat' dir='ltr'><em>humeralia</em></span> 
     </span>
     <span class='ocr_line' id='line_1_33' title="bbox 156 3619 1332 3710; baseline -0.006 -19"><span class='ocrx_word' id='word_1_297' title='bbox 156 3630 183 3690; x_wconf 83' lang='lat' dir='ltr'><em>ei</em></span> <span class='ocrx_word' id='word_1_298' title='bbox 198 3622 474 3710; x_wconf 38' lang='lat' dir='ltr'><em>,adluentegebonn</em></span> <span class='ocrx_word' id='word_1_299' title='bbox 495 3625 571 3687; x_wconf 76' lang='lat' dir='ltr'><em>ultra</em></span> <span class='ocrx_word' id='word_1_300' title='bbox 586 3619 740 3686; x_wconf 87' lang='lat' dir='ltr'><em>dimidiam</em></span> <span class='ocrx_word' id='word_1_301' title='bbox 759 3621 895 3706; x_wconf 81' lang='lat' dir='ltr'><em>corporis</em></span> <span class='ocrx_word' id='word_1_302' title='bbox 913 3643 1026 3708; x_wconf 79' lang='lat' dir='ltr'><em>partem</em></span> <span class='ocrx_word' id='word_1_303' title='bbox 1045 3621 1248 3707; x_wconf 86' lang='lat' dir='ltr'><em>dependebat,</em></span> <span class='ocrx_word' id='word_1_304' title='bbox 1262 3641 1332 3706; x_wconf 85' lang='lat' dir='ltr'><em>pat·</em></span> 
     </span>
     <span class='ocr_line' id='line_1_34' title="bbox 157 3705 1333 3795; baseline -0.003 -20"><span class='ocrx_word' id='word_1_305' title='bbox 157 3733 219 3778; x_wconf 87' lang='lat' dir='ltr'><em>tem</em></span> <span class='ocrx_word' id='word_1_306' title='bbox 236 3709 364 3794; x_wconf 70' lang='lat' dir='ltr'><em>pellens</em></span> <span class='ocrx_word' id='word_1_307' title='bbox 379 3709 520 3774; x_wconf 68' lang='lat' dir='ltr'><em>luteciam</em></span> <span class='ocrx_word' id='word_1_308' title='bbox 539 3709 709 3792; x_wconf 82' lang='lat' dir='ltr'><em>relinquent</em></span> <span class='ocrx_word' id='word_1_309' title='bbox 725 3729 741 3771; x_wconf 93' lang='lat' dir='ltr'>a</span> <span class='ocrx_word' id='word_1_310' title='bbox 756 3707 900 3791; x_wconf 74' lang='lat' dir='ltr'><em>pellorali</em></span> <span class='ocrx_word' id='word_1_311' title='bbox 918 3711 1102 3795; x_wconf 72' lang='lat' dir='ltr'><em>tegendam,</em></span> <span class='ocrx_word' id='word_1_312' title='bbox 1126 3705 1333 3790; x_wconf 84' lang='lat' dir='ltr'><em>composttum</em></span> 
     </span>
     <span class='ocr_line' id='line_1_35' title="bbox 156 3793 1333 3878; baseline -0.007 -14"><span class='ocrx_word' id='word_1_313' title='bbox 156 3821 196 3864; x_wconf 86' lang='lat' dir='ltr'><em>ex</em></span> <span class='ocrx_word' id='word_1_314' title='bbox 207 3793 308 3861; x_wconf 79' lang='lat' dir='ltr'><em>duobis</em></span> <span class='ocrx_word' id='word_1_315' title='bbox 321 3793 540 3878; x_wconf 58' lang='lat' dir='ltr'><em>plagentequas</em></span> <span class='ocrx_word' id='word_1_316' title='bbox 552 3795 657 3859; x_wconf 84' lang='lat' dir='ltr'><em>fibulae</em></span> <span class='ocrx_word' id='word_1_317' title='bbox 671 3815 768 3858; x_wconf 82' lang='lat' dir='ltr'><em>auteae</em></span> <span class='ocrx_word' id='word_1_318' title='bbox 780 3793 809 3858; x_wconf 91' lang='lat' dir='ltr'><em>in</em></span> <span class='ocrx_word' id='word_1_319' title='bbox 825 3812 948 3878; x_wconf 88' lang='lat' dir='ltr'><em>ottoque</em></span> <span class='ocrx_word' id='word_1_320' title='bbox 961 3795 1087 3858; x_wconf 88' lang='lat' dir='ltr'><em>humeto</em></span> <span class='ocrx_word' id='word_1_321' title='bbox 1098 3793 1333 3870; x_wconf 72' lang='lat' dir='ltr'><em>comedebant,</em></span> 
     </span>
     <span class='ocr_line' id='line_1_36' title="bbox 156 3875 1332 3968; baseline -0.006 -19"><span class='ocrx_word' id='word_1_322' title='bbox 156 3884 207 3950; x_wconf 92' lang='lat' dir='ltr'><em>nbi</em></span> <span class='ocrx_word' id='word_1_323' title='bbox 227 3885 285 3948; x_wconf 91' lang='lat' dir='ltr'><em>dno</em></span> <span class='ocrx_word' id='word_1_324' title='bbox 302 3880 414 3964; x_wconf 79' lang='lat' dir='ltr'><em>lapides</em></span> <span class='ocrx_word' id='word_1_325' title='bbox 430 3885 537 3954; x_wconf 57' lang='lat'><em>01⁸1&amp;</em></span> <span class='ocrx_word' id='word_1_326' title='bbox 559 3878 621 3944; x_wconf 78' lang='lat' dir='ltr'><em>sive</em></span> <span class='ocrx_word' id='word_1_327' title='bbox 646 3879 804 3968; x_wconf 76' lang='lat' dir='ltr'><em>smaragdi,</em></span> <span class='ocrx_word' id='word_1_328' title='bbox 828 3880 1000 3945; x_wconf 88' lang='lat' dir='ltr'><em>nominibus</em></span> <span class='ocrx_word' id='word_1_329' title='bbox 1026 3877 1155 3944; x_wconf 84' lang='lat' dir='ltr'><em>tribuum</em></span> <span class='ocrx_word' id='word_1_330' title='bbox 1183 3875 1332 3964; x_wconf 79' lang='lat' dir='ltr'><em>inscripti,</em></span> 
     </span>
     <span class='ocr_line' id='line_1_37' title="bbox 157 3963 1334 4051; baseline -0.006 -15"><span class='ocrx_word' id='word_1_331' title='bbox 157 3987 256 4040; x_wconf 81' lang='lat' dir='ltr'><em>etant,</em></span> <span class='ocrx_word' id='word_1_332' title='bbox 280 3965 316 4031; x_wconf 83' lang='lat' dir='ltr'><em>ab</em></span> <span class='ocrx_word' id='word_1_333' title='bbox 332 3967 479 4030; x_wconf 80' lang='lat' dir='ltr'><em>interiore</em></span> <span class='ocrx_word' id='word_1_334' title='bbox 499 3983 584 4049; x_wconf 79' lang='lat' dir='ltr'><em>poete</em></span> <span class='ocrx_word' id='word_1_335' title='bbox 601 3963 674 4031; x_wconf 89' lang='lat' dir='ltr'><em>lotis</em></span> <span class='ocrx_word' id='word_1_336' title='bbox 691 3969 803 4030; x_wconf 87' lang='lat' dir='ltr'><em>dnobus</em></span> <span class='ocrx_word' id='word_1_337' title='bbox 819 3964 1009 4044; x_wconf 76' lang='lat' dir='ltr'><em>insttudnnt,</em></span> <span class='ocrx_word' id='word_1_338' title='bbox 1024 3963 1131 4051; x_wconf 88' lang='lat' dir='ltr'><em>quibus</em></span> <span class='ocrx_word' id='word_1_339' title='bbox 1147 3963 1267 4050; x_wconf 81' lang='lat' dir='ltr'><em>corpori</em></span> <span class='ocrx_word' id='word_1_340' title='bbox 1283 3966 1334 4028; x_wconf 87' lang='lat' dir='ltr'><em>ad·</em></span> 
     </span>
     <span class='ocr_line' id='line_1_38' title="bbox 156 4049 1337 4142; baseline -0.003 -24"><span class='ocrx_word' id='word_1_341' title='bbox 156 4053 370 4142; x_wconf 78' lang='lat' dir='ltr'><em>stringebatur,</em></span> <span class='ocrx_word' id='word_1_342' title='bbox 386 4072 416 4116; x_wconf 84' lang='lat' dir='ltr'><em>et</em></span> <span class='ocrx_word' id='word_1_343' title='bbox 429 4052 544 4117; x_wconf 87' lang='lat' dir='ltr'><em>dnobus</em></span> <span class='ocrx_word' id='word_1_344' title='bbox 557 4053 685 4128; x_wconf 86' lang='lat' dir='ltr'><em>annulis,</em></span> <span class='ocrx_word' id='word_1_345' title='bbox 698 4051 735 4118; x_wconf 82' lang='lat' dir='ltr'><em>etl</em></span> <span class='ocrx_word' id='word_1_346' title='bbox 746 4053 836 4118; x_wconf 79' lang='lat' dir='ltr'><em>vittae</em></span> <span class='ocrx_word' id='word_1_347' title='bbox 848 4053 1006 4136; x_wconf 71' lang='lat' dir='ltr'><em>peilotelie</em></span> <span class='ocrx_word' id='word_1_348' title='bbox 1022 4049 1217 4136; x_wconf 76' lang='lat' dir='ltr'><em>recipiendos.</em></span> <span class='ocrx_word' id='word_1_349' title='bbox 1242 4049 1337 4118; x_wconf 80' lang='lat' dir='ltr'><em>nott.</em></span> 
     </span>
     <span class='ocr_line' id='line_1_39' title="bbox 156 4135 1336 4226; baseline -0.006 -19"><span class='ocrx_word' id='word_1_350' title='bbox 156 4141 301 4210; x_wconf 82' lang='lat' dir='ltr'><em>Btaunius</em></span> <span class='ocrx_word' id='word_1_351' title='bbox 316 4139 415 4224; x_wconf 82' lang='lat' dir='ltr'><em>epbod</em></span> <span class='ocrx_word' id='word_1_352' title='bbox 434 4136 557 4204; x_wconf 82' lang='lat' dir='ltr'><em>manicis</em></span> <span class='ocrx_word' id='word_1_353' title='bbox 571 4159 710 4204; x_wconf 79' lang='lat' dir='ltr'><em>ornatum</em></span> <span class='ocrx_word' id='word_1_354' title='bbox 727 4137 782 4204; x_wconf 86' lang='lat' dir='ltr'><em>elle</em></span> <span class='ocrx_word' id='word_1_355' title='bbox 798 4155 887 4226; x_wconf 77' lang='lat' dir='ltr'><em>negat</em></span> <span class='ocrx_word' id='word_1_356' title='bbox 902 4168 911 4202; x_wconf 74' lang='grc' dir='ltr'><strong><em>ε</em></strong></span> <span class='ocrx_word' id='word_1_357' title='bbox 934 4142 985 4207; x_wconf 87' lang='lat' dir='ltr'><em>Cl.</em></span> <span class='ocrx_word' id='word_1_358' title='bbox 997 4159 1073 4206; x_wconf 86' lang='lat' dir='ltr'><em>veto</em></span> <span class='ocrx_word' id='word_1_359' title='bbox 1088 4135 1257 4217; x_wconf 77' lang='lat' dir='ltr'><em>Eberhard,</em></span> <span class='ocrx_word' id='word_1_360' title='bbox 1272 4136 1336 4201; x_wconf 85' lang='lat' dir='ltr'><em>Ra·</em></span> 
     </span>
     <span class='ocr_line' id='line_1_40' title="bbox 157 4221 1331 4311; baseline -0.003 -21"><span class='ocrx_word' id='word_1_361' title='bbox 157 4227 222 4292; x_wconf 86' lang='lat' dir='ltr'><em>vius</em></span> <span class='ocrx_word' id='word_1_362' title='bbox 237 4228 370 4291; x_wconf 82' lang='lat' dir='ltr'><em>manicas</em></span> <span class='ocrx_word' id='word_1_363' title='bbox 386 4226 498 4294; x_wconf 77' lang='lat' dir='ltr'><em>adiutas</em></span> <span class='ocrx_word' id='word_1_364' title='bbox 511 4223 592 4290; x_wconf 72' lang='lat' dir='ltr'><em>fuine</em></span> <span class='ocrx_word' id='word_1_365' title='bbox 606 4225 660 4310; x_wconf 79' lang='lat' dir='ltr'><em>ipsi</em></span> <span class='ocrx_word' id='word_1_366' title='bbox 675 4227 775 4311; x_wconf 86' lang='lat' dir='ltr'><em>ephod</em></span> <span class='ocrx_word' id='word_1_367' title='bbox 788 4247 826 4292; x_wconf 78' lang='lat' dir='ltr'><em>ex</em></span> <span class='ocrx_word' id='word_1_368' title='bbox 840 4227 937 4292; x_wconf 82' lang='lat' dir='ltr'><em>verbis</em></span> <span class='ocrx_word' id='word_1_369' title='bbox 949 4225 1054 4304; x_wconf 76' lang='lat' dir='ltr'><em>Moses,</em></span> <span class='ocrx_word' id='word_1_370' title='bbox 1068 4223 1167 4290; x_wconf 84' lang='lat' dir='ltr'><em>Exod.</em></span> <span class='ocrx_word' id='word_1_371' title='bbox 1180 4221 1289 4302; x_wconf 84' lang='lat' dir='ltr'><em>xxviii,</em></span> <span class='ocrx_word' id='word_1_372' title='bbox 1299 4224 1331 4288; x_wconf 91' lang='lat'><em>6.</em></span> 
     </span>
     <span class='ocr_line' id='line_1_41' title="bbox 61 4308 1332 4398; baseline -0.003 -20"><span class='ocrx_word' id='word_1_373' title='bbox 61 4343 67 4350; x_wconf 95' lang='lat'>·</span> <span class='ocrx_word' id='word_1_374' title='bbox 90 4342 95 4353; x_wconf 95' lang='lat'>·</span> <span class='ocrx_word' id='word_1_375' title='bbox 157 4332 243 4398; x_wconf 77' lang='lat' dir='ltr'><em>atque</em></span> <span class='ocrx_word' id='word_1_376' title='bbox 260 4311 305 4376; x_wconf 84' lang='lat' dir='ltr'><em>bis</em></span> <span class='ocrx_word' id='word_1_377' title='bbox 321 4309 444 4395; x_wconf 82' lang='lat' dir='ltr'><em>superne</em></span> <span class='ocrx_word' id='word_1_378' title='bbox 460 4311 496 4374; x_wconf 88' lang='lat' dir='ltr'><em>ad</em></span> <span class='ocrx_word' id='word_1_379' title='bbox 518 4311 624 4376; x_wconf 79' lang='lat' dir='ltr'><em>axillas</em></span> <span class='ocrx_word' id='word_1_380' title='bbox 646 4311 750 4378; x_wconf 79' lang='lat' dir='ltr'><em>affixos·</em></span> <span class='ocrx_word' id='word_1_381' title='bbox 769 4313 844 4376; x_wconf 82' lang='lat' dir='ltr'><em>duos</em></span> <span class='ocrx_word' id='word_1_382' title='bbox 863 4311 976 4398; x_wconf 82' lang='lat' dir='ltr'><em>lapidee</em></span> <span class='ocrx_word' id='word_1_383' title='bbox 992 4309 1122 4392; x_wconf 60' lang='lat' dir='ltr'><em>DW,</em></span> <span class='ocrx_word' id='word_1_384' title='bbox 1145 4308 1204 4376; x_wconf 91' lang='lat' dir='ltr'><em>vid.</em></span> <span class='ocrx_word' id='word_1_385' title='bbox 1220 4309 1332 4374; x_wconf 80' lang='lat' dir='ltr'><em>Brenn.</em></span> 
     </span>
     <span class='ocr_line' id='line_1_42' title="bbox 157 4395 1336 4482; baseline 0.003 -19"><span class='ocrx_word' id='word_1_386' title='bbox 157 4401 195 4464; x_wconf 89' lang='lat' dir='ltr'><em>de</em></span> <span class='ocrx_word' id='word_1_387' title='bbox 215 4397 290 4462; x_wconf 87' lang='lat' dir='ltr'><em>vell.</em></span> <span class='ocrx_word' id='word_1_388' title='bbox 307 4395 452 4465; x_wconf 67' lang='lat' dir='ltr'><em>sacerdot.</em></span> <span class='ocrx_word' id='word_1_389' title='bbox 477 4395 568 4463; x_wconf 75' lang='lat' dir='ltr'><em>Hebe.</em></span> <span class='ocrx_word' id='word_1_390' title='bbox 596 4399 714 4482; x_wconf 76' lang='lat' dir='ltr'><em>p.581.</em></span> <span class='ocrx_word' id='word_1_391' title='bbox 737 4417 768 4462; x_wconf 85' lang='lat' dir='ltr'><em>et</em></span> <span class='ocrx_word' id='word_1_392' title='bbox 789 4397 920 4467; x_wconf 84' lang='lat' dir='ltr'><em>Relaod.</em></span> <span class='ocrx_word' id='word_1_393' title='bbox 941 4399 1036 4482; x_wconf 76' lang='lat' dir='ltr'><em>antiq.</em></span> <span class='ocrx_word' id='word_1_394' title='bbox 1058 4401 1130 4461; x_wconf 77' lang='lat' dir='ltr'><em>socr.</em></span> <span class='ocrx_word' id='word_1_395' title='bbox 1155 4417 1224 4462; x_wconf 85' lang='lat' dir='ltr'><em>cum</em></span> <span class='ocrx_word' id='word_1_396' title='bbox 1250 4395 1336 4468; x_wconf 81' lang='lat' dir='ltr'><em>notis</em></span> 
     </span>
     <span class='ocr_line' id='line_1_43' title="bbox 81 4483 800 4570; baseline -0.001 -21"><span class='ocrx_word' id='word_1_397' title='bbox 81 4525 89 4542; x_wconf 50' lang='grc' dir='ltr'><em>ι</em></span> <span class='ocrx_word' id='word_1_398' title='bbox 157 4483 260 4565; x_wconf 85' lang='lat' dir='ltr'><em>Ravii,</em></span> <span class='ocrx_word' id='word_1_399' title='bbox 283 4503 313 4568; x_wconf 84' lang='lat' dir='ltr'><em>p.</em></span> <span class='ocrx_word' id='word_1_400' title='bbox 336 4501 408 4546; x_wconf 78' lang='lat'>220.</span> <span class='ocrx_word' id='word_1_401' title='bbox 449 4483 758 4570; x_wconf 61' lang='lat' dir='ltr'><em>herborum-1743.</em></span> <span class='ocrx_word' id='word_1_402' title='bbox 779 4509 800 4554; x_wconf 63' lang='lat' dir='ltr'>y</span> 
     </span>
    </p>
   </div>
   <div class='ocr_carea' id='block_1_5' title="bbox 0 0 1496 4828">
    <p class='ocr_par' dir='ltr' id='par_1_11' title="bbox 0 0 1496 4828">
     <span class='ocr_line' id='line_1_44' title="bbox 0 0 1496 4828; baseline 0 0"><span class='ocrx_word' id='word_1_403' title='bbox 0 0 1496 4828; x_wconf 95' lang='lat' dir='ltr'><em> </em></span> 
     </span>
    </p>
   </div>
  </div>
 </body>
</html>
