2922 4836
301 265 1055 359 PRAEFATI-o,
1183 277 1260 366 xiii

122 484 323 570 tenebrae
341 481 579 566 horrendae
597 475 900 584 superstitionis
913 475 1137 584 depulsae,
1158 479 1261 566 hinc

122 611 383 744 judaeorum
405 599 563 683 l'omnia
586 625 627 680 et
645 599 939 682 Rabbiuicae
929 599 1115 742 ineptiae
1139 601 1260 712 fuga·

123 751 226 822 tae;
259 756 299 810 et
322 753 385 810 tot
410 720 881 835 praestantilfimorum
871 725 1145 865 ingeniorum
1169 755 1263 834 per·

122 853 255 934 tiuacl
279 850 416 932 studio
438 870 480 928 et
502 844 700 952 improbo
719 843 876 935 labore,
903 845 1069 941 veritas,
1094 850 1260 956 religio,

124 977 311 1055 erectam
330 973 416 1078 ipl'a
436 973 639 1074 scriptura
659 967 785 1060 sacra,
804 987 927 1048 antea
945 969 1123 1064 occlusa,
1149 971 1263 1054 resti·

123 1117 236 1186 tuta,
259 1121 300 1176 et
320 1097 544 1176 restaurata
561 1118 584 1170 a
604 1091 692 1188 viro
710 1089 783 1167 illo
799 1089 1043 1170 venerando
1059 1093 1262 1193 Lutbero,

129 1219 303 1324 aliisque
336 1243 520 1324 quorum
555 1209 759 1292 memoria
792 1212 926 1326 apud
939 1211 1048 1294 seros
1086 1241 1264 1325 nepotes

126 1341 173 1420 in
199 1369 254 1420 ιιι
245 1369 354 1447 agno
376 1339 515 1450 pretio
537 1335 678 1414 erit.
623 1329 662 1382 *
846 1362 851 1396 ι

195 1457 366 1543 Etiamsi
387 1485 566 1564 magnus
589 1457 811 1550 Lutberus,
841 1456 1017 1564 aliique,
1051 1463 1169 1544 omni
1192 1467 1268 1548 suo

57 1619 65 1628 ·
128 1585 220 1666 nisu
246 1586 427 1664 studium
450 1583 622 1690 linguae
643 1581 858 1661 Hebraeae
876 1604 916 1662 et
936 1582 1123 1680 Graecae
1146 1587 1267 1668 theo-

130 1707 269 1814 logiae
298 1705 498 1786 consultis
527 1704 1081 1797 commendaverant,·com
1107 1709 1278 1816 utilite-¹
1369 1683 1373 1704 ⁸
1453 1689 1455 1696 ’

132 1852 218 1910 tetn
243 1853 334 1910 turn
358 1825 636 1910 necellrtatem
663 1824 811 1904 barum
841 1825 890 1904 iis
910 1825 1232 1912 inculcaverant
1253 1863 1268 1929 ;

133 1973 275 2033 tamen
300 1973 347 2032 ut
369 1949 586 2056 ingeniosa
609 1947 664 2026 est
685 1948 836 2028 inertia
860 1969 901 2027 et
922 1946 1106 2054 ignavia,
1140 1956 1270 2038 etiam

132 2073 272 2155 seculo
300 2073 438 2182 elapso
474 2099 496 2151 a
524 2069 646 2150 variis
665 2068 795 2178 oinci
817 2067 988 2165 solebat,
1022 2097 1110 2153 non
1133 2077 1269 2162 videri

132 2198 210 2278 fibi
229 2223 382 2302 operae
401 2196 601 2303 pretium,
621 2211 668 2270 ut
686 2211 854 2275 tantum
873 2193 1076 2302 temporis
1093 2217 1135 2276 et
1152 2197 1271 2281 labo·

130 2321 192 2399 ris
213 2319 516 2424 grammaticae
539 2315 755 2396 Hebraeae
776 2317 1067 2424 impendatur.
1118 2329 1152 2368 “
1185 2323 1273 2405 Ex-

136 2454 167 2492 “
202 2443 368 2548 cipiunt
387 2441 516 2546 uulgo
541 2433 819 2551 (aitOpitius)
842 2438 1036 2546 quidam,
1060 2441 1270 2528 v'erfiones

135 2577 168 2617 ⁴¹
198 2565 327 2646 hodie
359 2567 583 2657 exstantes,
618 2585 727 2666 quae
759 2562 909 2669 utique
940 2585 993 2641 ex
1025 2561 1162 2644 studio
1186 2565 1268 2650 lin·

1021 2695 1050 2733 “
1085 2715 1273 2794 guarum

175 2841 195 2880 ὓ
216 2835 376 2898 “Meritd
399 2835 519 2918 (inquit
533 2831 649 2895 dodiill.
663 2831 834 2912 Merretns)
857 2827 1133 2896 Hebraismorum
1123 2858 1272 2940 rgrroran-

138 2925 163 2960 “
182 2917 441 2984 namhorrendos
452 2935 574 2976 errores
586 2937 620 2974 ιιι
627 2915 785 2974 eccleliam
797 2913 961 2984 itivexille3
984 2919 1177 2995 experientia
1186 2943 1272 2990 enim
1357 2912 1362 2921 ¹

137 3000 416 3078 “comprobatum
431 2998 485 3071 ell,
508 2998 604 3076 ipsum
622 2999 776 3056 humanae
791 2961 982 3055 conditionis
1003 2999 1131 3088 hostem,
1152 3003 1273 3065 nefarii

138 3089 164 3124 “
185 3083 230 3142 sui
240 3082 318 3155 voti,
335 3099 395 3158 quo
405 3077 759 3158 eccleliarnJesuChrilli
771 3077 870 3136 omnis
883 3079 997 3137 erroris
1013 3093 1046 3138 et
1061 3075 1275 3162 corruptionis

136 3171 160 3204 “
182 3162 319 3223 tenebris
330 3159 679 3232 involvereeonabatur,
692 3159 785 3218 citius
794 3173 967 3238 compotem
979 3161 1047 3220 lieri
1058 3182 1122 3222 non
1129 3165 1274 3243 potuisse,

137 3245 257 3324 “quin
272 3242 362 3321 prius
373 3241 539 3300 infandum
555 3245 614 3300 hoc
626 3239 806 3313 monstrum,
822 3239 1021 3302 craffdfimam
1036 3242 1222 3320 barbariem,
1238 3263 1276 3309 et

136 3329 359 3404 “linguarum
381 3321 613 3382 orientalium
603 3319 826 3402 ignorantiam,
848 3319 1086 3392 iun-oduidllet3
1109 3345 1164 3384 nec
1181 3327 1276 3389 citius

136 3413 161 3446 θ’
181 3389 357 3486 pestiferam
372 3405 459 3464 illam
481 3418 513 3464 et
533 3401 809 3482 perniciostllimam
830 3403 915 3464 luem
936 3424 954 3462 e
976 3405 1068 3464 domo
1085 3407 1145 3466 Dei
1159 3427 1275 3486 expur-

138 3493 162 3525 “
182 3487 251 3570 gari
270 3486 411 3565 potuillie,
432 3486 508 3564 quin
529 3485 615 3564 prius
635 3483 787 3544 horrendi
807 3483 892 3543 istius
907 3487 1047 3561 monstri,
1068 3489 1154 3564 cujus
1168 3509 1275 3550 excre-

139 3573 163 3608 “
184 3583 291 3628 menta
305 3581 339 3626 et
353 3567 488 3626 vomitus
504 3565 727 3646 superstitionis
743 3563 925 3625 alimentum
940 3582 1042 3641 erant,
1058 3569 1202 3650 jugulum
1219 3592 1277 3649 pe-

139 3654 163 3687 “
183 3661 314 3710 teretur
319 3648 525 3708 '¹-Notitia
539 3647 664 3728 linguae
680 3645 886 3706 Hebraeae
856 3667 939 3708 uram
954 3647 1259 3713 instaurandaeurr
1186 3672 1277 3732 purr-

138 3751 188 3790 οτι
177 3730 350 3810 'religioni
366 3729 495 3801 stravit:
524 3726 779 3789 Clementillunus
793 3729 876 3787 enim
893 3733 988 3806 Deus,
1009 3731 1093 3792 orbis
1114 3733 1278 3798 christiani

92 3819 96 3826 '
137 3811 293 3886 miserem,
325 3811 476 3889 optimum
502 3812 604 3890 virum
618 3811 803 3906 Johannern
831 3808 1048 3888 Reuehlinum,
1080 3813 1280 3890 Capnionem.

140 3894 235 3974 vulgo
251 3892 380 3967 dicium,
397 3893 559 3968 excitavit,
575 3912 628 3970 qur
618 3889 821 3951 Corn-adum
841 3890 1039 3970 l’ellicanum,
1056 3893 1169 3955 Sebast.
1181 3897 1275 3958 Mun·

139 3974 265 4047 ilerum,
286 3936 421 4054 ιῙὶοἷιίιιε
442 3975 537 4034 socios
556 3987 590 4032 et
609 3969 783 4034 succell'ores
803 3971 926 4048 hahuit,
947 3976 1000 4054 qui
1016 3975 1099 4034 eirca
1113 3977 1202 4035 linem
1219 3977 1276 4037 de·

141 4054 214 4114 cruri
229 4056 345 4134 quarti,
367 4067 401 4114 et
415 4056 542 4116 initium
559 4055 672 4115 decimi
687 4051 790 4134 quinti
805 4053 909 4130 seculi,
930 4053 1136 4116 frementibus
1151 4059 1278 4136 prorsus

186 4157 318 4218 guarum
333 4137 383 4196 ori
439 4137 558 4198 alium
549 4136 668 4220 agnatis
682 4135 851 4211 monachis,
873 4137 1057 4200 floruerunt
1098 4136 1277 4208 Literarum

140 4219 360 4278 humaniorum
375 4137 539 4280 illium
525 4221 589 4298 jam
607 4218 756 4298 sequitur,
778 4215 887 4297 quibus
900 4218 1057 4295 eruendis,
1079 4219 1161 4278 etin
1175 4221 1277 4282 lucem

139 4291 362 4376 producendis,
382 4241 556 4361 Gulielmtis
573 4299 724 4373 Budaeus,
750 4297 901 4360 Robertus
921 4313 956 4359 et
975 4264 1127 4360 Henlieus
1147 4303 1277 4398 Stepha-

141 4399 212 4453 nus,
228 4383 367 4442 lit-alinae
383 4379 674 4457 Rotterodamerifis,
692 4343 807 4460 Philip.
825 4381 1015 4456 Melonem,
1036 4383 1173 4442 Graecae
1189 4381 1276 4447 Latio

141 4479 261 4540 uaeque
280 4463 419 4538 lintruae,
408 4478 482 4610 ,ιιιι
501 4477 535 4528 et
558 4459 773 4553 philosophiae
774 4401 927 4532 Pstudlllm
944 4477 1142 4544 renovatum,
1170 4461 1279 4540 fedult⁴

138 4561 269 4625 operam
344 4563 424 4611 enm
588 4557 593 4576 ¹
