2924 4832
1355 63 1401 238 'l

196 181 241 266 vi
394 177 1141 266 PRAEFATIO.

193 385 373 470 aliorum
400 383 608 465 librorum
622 384 787 467 Veteris
802 386 1077 482 Testamenti,
1102 387 1241 470 obiter
1263 411 1344 472 oc·

194 508 477 604 currentium,
512 508 774 602 illustranda,
812 513 968 616 partim
989 536 1040 588 ex
1062 511 1341 618 antiquitati-

192 631 275 711 bus
306 630 510 738 Judaicis,
550 631 704 738 partim
739 655 793 710 ex
826 631 1012 736 antiquis
1047 633 1335 730 verliouibus,

129 763 132 768 ’
194 773 286 834 tum
311 779 364 833 ex
383 754 571 833 virorum
591 755 814 832 doliorum
836 756 1167 848 commentariis,
1191 783 1338 836 erutas

191 875 464 982 subjecimus,
507 877 678 982 quibus,
721 876 783 954 uti
822 875 1013 969 decebat,
1058 877 1145 956 litas
1185 881 1334 958 laudes
1401 893 1410 911 ·'

190 996 436 1098 tribuimus,
467 997 709 1104 gratiasque
733 996 883 1077 merito
906 1000 1131 1085 habuimus
1155 1001 1338 1105 eginml'·

191 1145 293 1226 que.
363 1119 531 1227 Religio
564 1122 630 1200 bic
652 1116 764 1210 effet,
799 1119 1075 1215 Bochartunr,
1110 1123 1339 1202 Schulten·

190 1240 317 1337 stum,
346 1243 605 1349 Vitringam,
639 1243 868 1344 Clericum,
904 1236 1215 1346 Lightl'ootum,
1251 1245 1337 1325 Re·

190 1362 391 1460 landum,
415 1364 719 1472 Carpzovium,
745 1364 900 1444 Olaum
920 1363 1117 1458 Cellium,
1147 1365 1335 1448 Miclme'·
1398 1348 1418 1458 ᾗ

189 1485 277 1569 lem
318 1487 661 1594 Gottingeusem,
704 1490 935 1567 Venenram
975 1487 1333 1595 Grouingenlem,
1416 1475 1419 1558 ’ῑ

191 1607 503 1704 Schro'ederum
539 1610 875 1716 Franaquaerae,
913 1608 1158 1716 prol'eil'ores
1190 1613 1335 1690 erudi⁴
1419 1633 1422 1718 J

186 1729 379 1825 tiffimos,
414 1731 627 1814 Louthum
659 1728 818 1810 dottiss'.
852 1729 1082 1838 praesulem
1112 1735 1335 1812 Oxonien·
1421 1725 1423 1798 ἒ

189 1851 292 1949 sem,
327 1881 451 1934 verae
484 1855 648 1934 critices
680 1851 802 1934 facile
833 1854 1090 1962 principem,
1123 1882 1210 1936 non
1247 1881 1334 1936 me·

188 1974 385 2058 moridie.

255 2121 339 2207 4t0,
374 2100 501 2181 Varia
517 2100 610 2182 loca
632 2097 837 2182 illustrare
854 2087 1188 2188 teutatinmnex
1207 2098 1332 2182 histo·

189 2221 255 2302 ria
287 2243 381 2302 tum
415 2221 550 2318 civili,
586 2248 676 2305 turn
713 2225 908 2316 naturali,
948 2249 990 2304 et
1024 2225 1249 2332 praecipue
1278 2247 1332 2308 ex

187 2343 419 2435 itinerariis
437 2343 677 2441 doctorum,
701 2348 776 2455 qui
795 2346 895 2426 olim
914 2365 956 2426 et
977 2373 1116 2454 nuper
1134 2349 1330 2452 regiones

189 2466 419 2548 orientales
442 2469 879 2578 peragramus-llic
910 2467 1093 2548 maxime
1125 2467 1331 2550 eruditilli'

190 2585 412 2685 Bocharti,
448 2591 609 2680 doctiss‘.
637 2595 798 2686 Schaw,
832 2593 875 2670 in
900 2591 1100 2671 eruendis
1122 2591 1231 2670 veris
1256 2620 1333 2672 noa

101 2819 105 2824 Ι
188 2710 380 2790 minibus
412 2711 648 2794 multorum
677 2713 944 2807 animalium,
979 2711 1127 2792 clariis.
1153 2712 1258 2794 Celst
1288 2737 1333 2794 er

191 2829 441 2940 Haffelquist
470 2835 515 2913 in
546 2836 804 2942 indagandis
832 2837 1063 2916 multarum
1090 2837 1332 2942 plautatum

187 2956 455 3052 nominibus,
487 2981 531 3036 et
554 2957 734 3039 aliorum
758 2957 887 3066 operi
909 2957 970 3037 ust
992 2955 1147 3036 sumus·
1200 2958 1333 3040 Auni·¹

145 3091 148 3103 '
189 3075 295 3156 lium
319 3079 446 3160 etiam
471 3080 515 3160 in
538 3081 790 3187 quibusdam
815 3081 915 3160 locis
944 3107 966 3158 a
990 3080 1179 3171 medicis,
1214 3103 1333 3187 prae-

189 3197 316 3307 cipue
336 3227 360 3281 a
379 3201 658 3284 celeberrimo
683 3205 824 3294 Mead,
858 3203 971 3308 grati
993 3197 1249 3308 accepimns.
1271 3217 1273 3226 “

253 3325 302 3405 In
340 3324 596 3431 quibusdam,
635 3324 763 3407 etiam·
800 3326 914 3418 locis,
960 3325 1095 3404 varias
1133 3323 1333 3404 leeiiones

190 3445 338 3533 clarill.
360 3447 626 3554 Houbigant,
660 3449 704 3527 in
728 3448 875 3527 Bibliis
897 3475 918 3526 a
941 3447 979 3526 se
1002 3447 1142 3540 editis,
1175 3448 1335 3528 exarui·

188 3570 419 3662 navimus3
452 3570 735 3678 plurimasque
769 3569 927 3650 temere
961 3568 1047 3649 line
1082 3569 1334 3650 auctoritate

191 3692 373 3805 cujusvis
393 3681 483 3773 MS.
509 3719 606 3774 eum
628 3689 858 3801 protuliffe,
884 3719 1052 3772 necnon
1073 3691 1117 3770 in
1138 3692 1227 3772 aliis
1247 3719 1337 3778 teu·

189 3841 283 3902 tum
307 3818 549 3898 Hebraeum
574 3815 800 3898 correxill'e
829 3838 871 3895 et
901 3811 1151 3906 emendiile,
1186 3809 1337 3906 contra

190 3941 488 4032 austoritatem
513 3919 792 4020 dialcitorum
815 3938 990 4046 linguae
1007 3939 1238 4031 Hebraeae,
1263 3967 1338 4018 au·

54 4057 57 4106 l
178 4061 395 4160 ¹sum-elle,
429 4061 785 4172 indigitarimus:
818 4063 899 4166 Qui
924 4059 1038 4140 enim
1065 4083 1228 4152 textum
1253 4063 1336 4140 lle·

56 4173 58 4190 θ
185 4187 363 4270 braeum
386 4187 614 4266 emendare
636 4181 811 4293 aggrellt
835 4189 948 4278 lunt,
974 4185 1158 4290 imperiti
1183 4183 1337 4268 harum

65 4366 71 4377 -
187 4307 484 4426 dialetiornm,
515 4307 815 4422 ignorantiam
834 4306 881 4390 in
902 4307 984 4390 suis
1004 4293 1335 4394 animadverlioss

1207 4429 1338 4522 nibus
