2924 4832
181 209 242 320 24
373 232 407 303 J
459 201 522 328 De
552 201 784 310 Antiquitate
816 229 852 289 et
882 201 1058 296 Utilitatc
1134 288 1136 297 ι

246 411 482 508 Praeterea,
524 413 579 493 ad
612 414 804 519 lingnam
838 417 1063 498 Arabicam
1099 445 1249 526 purant
1281 439 1327 502 et
1361 433 1368 451 '

178 535 414 644 integram·
435 537 787 631 conservandam,
845 541 1027 620 ιιιιιΙιιιιιι
1073 541 1323 624 conterebat

178 659 428 766 ingenium
424 648 639 750 Arabum,
669 687 766 738 curn
792 660 886 739 suae
912 665 1083 791 liuguae
1106 689 1196 744 turn
1223 667 1322 759 pris-

179 808 329 862 corum
366 801 534 882 morum
566 781 965 876 arnantilltmum‚'
958 813 1089 865 nnrno
1125 785 1323 873 tenaritlr·

178 931 332 994 mum3
366 931 501 1008 quum
535 905 639 984 aliae
660 931 868 1015 gentes
873 906 954 984 live
987 910 1157 988 levitate
1187 935 1228 988 et
1257 911 1324 989 in·

71 1029 75 1036 ’
179 1025 426 1106 constantii·
449 1027 665 1135 impulsae,
702 1026 784 1106 live
807 1005 943 1133 gratia
967 1033 1163 1110 novitatis
1187 1055 1227 1112 et
1252 1060 1322 1110 va·

177 1149 341 1230 rietatis
367 1148 544 1244 illetlae,
581 1174 721 1230 vetera
746 1147 900 1228 ferent
924 1153 1065 1232 tbabra
1089 1157 1321 1234 annonae.

176 1293 313 1354 runt:
344 1272 505 1352 Arabes
530 1299 629 1351 vero
651 1265 781 1378 quatri
807 1273 930 1353 lidelit
936 1271 1034 1354 fitne
1058 1261 1244 1355 vetullii'
1211 1305 1320 1359 rnna

175 1394 386 1477 vocabula
418 1395 689 1500 antiquitate·
702 1394 808 1474 canit
834 1417 876 1473 et
912 1397 1084 1476 hornut
1115 1427 1319 1478 t'enovate
1377 1419 1381 1425 '

176 1515 469 1610 elaborarunt,
507 1545 582 1624 pro
614 1516 855 1595 adulterina
884 1519 1055 1599 moneta
1089 1531 1323 1626 reproban-

176 1661 241 1719 tes
264 1639 473 1747 quicquid
498 1667 585 1716 non
621 1639 849 1746 primaevo
865 1640 937 1718 illo
959 1643 1106 1722 charat
1111 1645 1199 1722 lere
1223 1640 1322 1724 ellet

174 1763 408 1872 fignatum.
478 1763 605 1842 Hunc
637 1761 767 1841 linem
803 1787 901 1869 prae
936 1765 1069 1844 oculis
1104 1767 1322 1845 habebant

177 1909 345 1996 poetae,
379 1883 496 1964 hunc
531 1885 703 1992 scopum
738 1911 836 1991 prae
865 1885 1000 1964 oculis
1034 1887 1207 1992 pulbere
1230 1914 1323 1968 ora·

177 2033 311 2105 tores,
345 2028 395 2086 ut
426 2005 752 2112 antiquiffimatn
788 2005 959 2112 linguae
984 2011 1235 2112 vernaculae
1256 2011 1322 2089 in-

178 2133 325 2214 dolem
360 2150 621 2234 promerent,
656 2149 784 2234 atque
807 2126 1019 2234 fugientes
1044 2133 1323 2238 proprietates

178 2274 224 2332 et
246 2248 619 2358 fignificationesr
596 2251 824 2348 verborum
848 2277 946 2329 curn
971 2251 1195 2332 accellrone
1217 2254 1324 2336 lucia

177 2395 224 2458 et
244 2371 380 2483 gratia
398 2375 561 2452 recenti
581 2371 737 2452 iterum
757 2375 982 2506 tnetnoriae
1007 2375 1256 2490 traderent(
1260 2374 1319 2486 ιι).

1206 2499 1326 2580 Nihil

176 2678 354 2739 nomenque
369 2679 438 2723 cum
450 2661 585 2748 oratpria
601 2671 669 2720 turn
679 2672 791 2739 poetae
806 2657 871 2720 illis
882 2654 1084 2720 tarillrmutn:
1108 2659 1222 2720 Oratio
1238 2662 1324 2722 enim

174 2771 217 2830 iis
233 2781 302 2828 erat
317 2766 433 2846 duplex
450 2749 557 2862 syl&
576 2769 750 2852 Mandhnm,
764 2771 869 2850 ligata,
889 2785 922 2828 et
932 2752 1028 2854 ρῖὶιι
1046 2767 1199 2842 Manthar,
1211 2771 1325 2848 soluta,

180 2878 268 2940 inter
285 2895 360 2955 quos
376 2875 588 2972 jallalodinus
601 2872 775 2952 Alloyutius
799 2875 950 2954 (Mezhar,
972 2890 1035 2953 cap.
1052 2872 1145 2951 xlix.)
1169 2892 1236 2933 eam
1257 2874 1328 2934 vult

181 2959 239 3020 ess‘e
254 2957 463 3017 differentiam
485 2977 563 3036 quae
579 2953 665 3015 inter
680 2956 811 3014 uniones
827 2976 979 3014 connexas
994 2969 1026 3015 et
1042 2949 1191 3034 dispersas
1207 2955 1327 3034 reperi·

157 3139 160 3144 Ι
182 3076 246 3120 tur.
277 3056 403 3114 utravis
418 3077 472 3135 qur
460 3053 648 3127 'excelluit,
665 3048 835 3114 &ablstll
853 3057 896 3114 At
907 3054 1011 3114 Chateb
1028 3057 1078 3113 seu
1096 3058 1214 3112 oratoris
1230 3051 1328 3112 titulo

180 3149 401 3214 cohonestatus
425 3148 479 3222 est,
514 3146 722 3224 summique
714 3168 747 3213 nr
771 3149 890 3284 populi
915 3148 1115 3206 concionibus
1139 3147 1330 3205 auctoritate

66 3231 68 3238 ’
180 3233 309 3314 polluit.
350 3229 424 3290 Vid.
443 3192 559 3288 Picock.
578 3230 696 3305 Spe'cim.
716 3229 788 3303 Hist.
808 3225 899 3288 Arab.
917 3242 948 3304 p.
970 3229 1037 3288 161.

222 3335 334 3396 Refert
345 3331 597 3427 Jallalodinus,
588 3350 623 3388 ιιι
639 3327 720 3386 libro
731 3331 903 3400 Mezhar,‘
907 3325 1000 3386 ‘Effe
1015 3339 1161 3404 poemata
1176 3323 1330 3384 Arabibtu

171 3424 205 3466 -“
226 3414 523 3478 commentariorum
537 3411 616 3484 vice,
640 3429 772 3487 quormn
787 3371 958 3466 beneiicio'
950 3407 1198 3485 1nrperturbatae
1213 3425 1326 3504 genea-

162 3507 204 3538 ·“
225 3501 381 3579 logiarum
396 3495 498 3567 series,
524 3492 563 3550 ιιὲ
584 3455 736 3576 oblivioni
758 3489 963 3549 traderentur
985 3509 1033 3546 res
1053 3489 1155 3569 gestae
1178 3486 1327 3546 memorial

180 3551 353 3658 “dignae‚
377 3538 555 3647 cavebatur,
582 3587 617 3632 et
640 3591 658 3628 e
680 3572 790 3649 quibus
812 3570 942 3664 linguae
966 3570 1084 3648 peritia
1108 3569 1325 3629 hauriebatur.

178 3660 274 3718 “Sic
300 3653 534 3717 Mohammedes
560 3654 627 3713 Ebn
652 3654 763 3728 Selanr,
794 3651 955 3710 referente
982 3651 1104 3726 eodem,
1135 3650 1286 3723 declarat,
1289 3682 1345 3700 --ι

178 3761 204 3793 “
226 3759 325 3814 luere
341 3749 494 3810 Arabibus
510 3748 586 3808 olim
601 3763 773 3823 εγιιυιλιπαι
767 3733 849 3807 duat
874 3750 1034 3809 Pandetlae
1056 3751 1184 3810 ultimus
1205 3749 1325 3830 sapien-

166 3841 203 3875 ·“
224 3836 289 3895 tiae
304 3851 413 3902 eorum
429 3833 592 3939 terminps,
608 3831 692 3892 unde
708 3851 786 3911 qnae
801 3831 868 3890 illis
881 3833 948 3890 usui
965 3833 1203 3910 depromebant,
1219 3845 1252 3888 et
1264 3851 1327 3909 quo

85 3931 111 4002 J
176 3922 202 3954 “
220 3914 329 3976 omnia
349 3906 556 3972 deferebant?
559 3913 805 3972 ’--Medicinae
826 3931 883 3971 nec
907 3915 1081 3992 prorsusA
1055 3915 1172 3974 Arabes
1198 3911 1326 3992 ignaros

176 4025 279 4101 fuilse,
297 4025 431 4088 testatur
442 4024 573 4084 celebris
587 4024 643 4084 ille
656 4025 696 4083 Al
709 4024 881 4086 Harethius
897 4023 963 4084 Ebn
974 4023 1106 4098 chalda,
1126 4001 1272 4109 apli,
1223 4007 1327 4095 υῴ

176 4123 307 4188 Arabum
323 4125 458 4198 medicus,
481 4136 569 4176 κατι
540 4105 659 4198 ἐξιχιιι
670 4119 787 4196 dietus,
809 4121 1027 4182 Molramtnede
1043 4119 1216 4244 antiquior.
1249 4078 1325 4180 Vid.

174 4206 295 4269 Pacock.
313 4208 491 4282 spectant
450 4205 491 4264 H
487 4205 525 4280 st
545 4203 637 4265 Arab.

217 4297 267 4383 (u)
302 4303 325 4334 “
345 4303 388 4358 Ce
401 4299 482 4378 qu'il
497 4320 519 4380 y
534 4299 607 4363 ade
623 4299 694 4378 plus
710 4297 895 4372 admirable,
919 4309 952 4356 et
968 4296 1008 4358 de
1023 4299 1094 4376 plus
1109 4297 1330 4376 remarquable

175 4387 200 4422 “
221 4381 299 4444 dans
315 4399 365 4442 ces
382 4381 525 4464 langues,
552 4381 636 4463 e’est,
659 4401 701 4465 qu
702 4381 787 4445 elles
808 4399 850 4444 ne
871 4381 1029 4463 changcnt
1052 4379 1160 4462 point,
1186 4393 1219 4501 εὖ
1239 4381 1336 4523 neg

1192 4481 1280 4550 Ρο
