2924 4832
80 288 242 376 lxx
379 260 1131 350 PRAEFATIO.

190 469 384 550 Cunaeus
409 463 468 562 ἢ
495 467 653 573 quibus
685 468 858 576 linguae
890 468 1106 552 Hebraeae
1138 469 1332 554 studium

187 587 299 670 inter
323 589 494 668 delicias
515 590 743 696 repositum
769 591 886 671 fuisse
908 595 1083 673 constat.
1233 673 1240 689 ,

255 714 485 793 Enimvero
509 715 682 819 quidam
707 713 846 794 adhuc
871 714 1125 796 mussitantes
1148 717 1339 798 audiun·

191 857 277 928 tur,
317 837 532 913 Hebraeae
557 836 726 941 linguae
749 836 1059 943 cognitionem,
1094 839 1242 945 primis
1266 853 1336 920 re'·

189 957 363 1062 ligionis
385 957 752 1051 instauratoribus,
777 987 873 1038 cum
899 960 1050 1041 veritas
1073 961 1116 1040 in
1142 963 1336 1043 tenebris

192 1079 468 1164 delitesceret.
494 1076 608 1158 fuisse
627 1077 928 1174 necessariamr
953 1083 1041 1188 jam
1066 1109 1167 1165 vero
1190 1083 1336 1164 fontes

191 1227 341 1282 omnes
372 1203 585 1281 Hebraeos
620 1203 750 1307 usque
781 1204 887 1280 adeo
909 1201 988 1282 elle
1010 1205 1245 1302 exhaustos,
1267 1227 1336 1286 ,ut

73 1391 79 1405 .
191 1326 300 1406 nibil
326 1326 477 1430 reliqui
499 1324 561 1416 lit,
586 1327 700 1428 quod
726 1351 747 1402 a
771 1323 1006 1403 doutffimis
1023 1327 1335 1434 interpretibus

191 1448 237 1528 in
263 1446 409 1551 lingui
432 1445 658 1525 vernaculi
689 1444 832 1526 exacte
860 1447 1018 1529 nonsit
1042 1449 1295 1529 transfusum
1323 1481 1337 1544 ς

146 1568 150 1576 ’
194 1572 387 1676 adeoque
409 1569 591 1647 studium
618 1569 696 1646 hoc
720 1569 879 1648 sacrum
903 1568 986 1648 tale
1004 1567 1098 1664 elle,
1122 1573 1191 1652 cui
1215 1599 1337 1652 nunc

195 1720 343 1772 omues
363 1689 502 1783 t'acile,
525 1687 694 1796 'absque
718 1719 875 1795 magno
896 1692 1089 1772 ecclesiae
1113 1714 1155 1772 et
1178 1697 1335 1774 verita·-

89 1811 92 1829 '
195 1817 249 1895 tis
288 1817 563 1904 detrimento,
604 1813 869 1920 lupersedere
910 1811 1095 1920 poll'unt.
1136 1801 1347 1898 ‘Fallitur

195 1966 299 2022 veto
332 1939 403 2030 ell,
438 1937 702 2042 lirperiorum
735 1959 923 2016 aetatum
959 1938 1128 2018 criticos
1158 1964 1335 2018 omnem
1410 1979 1411 1982 ¹

107 2145 111 2150 ,
163 2101 164 2106 ’
195 2060 435 2145 adnotandi
457 2062 595 2138 ansam
622 2055 904 2166 praecepisse:
937 2057 1042 2140 'Non
1068 2053 1231 2142 tannim
1256 2043 1337 2168 spi'-

198 2185 416 2286 cilegium,
450 2179 515 2257 sed
542 2179 828 2286 amplissimam
854 2181 1022 2276 messim,
1047 2183 1331 2290 reliquerunt.

198 2307 327 2390 Pauci
345 2303 457 2382 enim
478 2325 862 2395 commentatorum
887 2304 929 2382 in
954 2302 1085 2382 sacras
1104 2299 1244 2384 literas
1267 2331 1337 2384 ac·
1366 2345 1369 2353 v

199 2451 389 2508 curatam
406 2425 499 2504 satis
514 2424 723 2532 peritiam,
737 2446 911 2534 propter
928 2426 1223 2532 supellet‘lilem
1240 2453 1336 2536 par·
1436 2471 1439 2484 ·

148 2561 152 2568 '
200 2579 310 2643 cam,
350 2549 563 2627 consecuti
587 2551 714 2626 lunt:
757 2549 880 2652 Quod
904 2549 954 2627 ad
980 2553 1233 2654 recentiores
1256 2549 1337 2630 cri·

199 2675 308 2753 ticos
330 2673 497 2760 attinet,
534 2694 707 2776 propter
737 2671 907 2776 linguae
938 2671 1142 2752 Arabicae
1170 2693 1210 2750 et
1238 2673 1337 2777 alia!⁸

198 2823 295 2877 rum
327 2795 603 2872 diale'slo'rum
640 2795 942 2898 ignorantiam,
977 2795 1130 2873 multas
1154 2793 1338 2874 difficul-

1229 2939 1335 2998 tates

244 3063 262 3096 ⁴⁸
291 3059 444 3128 Cunaeus,
465 3052 518 3132 qui
534 3052 670 3131 expofito
686 3053 798 3126 studio,
820 3053 901 3132 quod
915 3055 1039 3132 juvenis
1054 3053 1127 3112 huic
1142 3054 1268 3135 linguae
1283 3054 1340 3114 int·
1449 3073 1450 3076 ’

202 3139 367 3222 penderet,
389 3135 530 3213 subjicit:
556 3137 578 3170 “
596 3138 690 3214 Cujus
706 3137 774 3195 saue
791 3155 902 3212 operae
918 3155 1075 3214 nunquam
1091 3155 1147 3193 nos
1161 3135 1338 3213 poenituit;

204 3229 229 3259 “
251 3219 303 3282 etst
322 3220 404 3278 euim
429 3217 533 3303 pqllea
554 3217 623 3275 aliis
638 3218 718 3276 curis
734 3219 766 3274 iu
784 3216 908 3296 publico
924 3235 1052 3276 munere
1068 3216 1339 3296 distringebamur,

204 3311 227 3342 “
251 3319 355 3361 tauen
369 3317 517 3378 quantum
532 3300 681 3376 temporis
693 3297 836 3357 tribuunt
847 3298 901 3357 alii
913 3298 1079 3358 amicorum
1093 3300 1340 3375 salutationibus,
1382 3365 1386 3378 ,

149 3395 166 3418 t
205 3393 227 3424 “
250 3399 397 3466 quantum
423 3379 519 3454 aleae,
547 3395 696 3458 quantum
720 3379 848 3436 caeteris
870 3379 928 3438 otii
950 3379 1197 3453 oblectamentis,
1218 3393 1340 3440 tantum
1449 3399 1450 3420 ³

203 3473 227 3505 “
249 3488 326 3546 egon
340 3481 371 3523 et
387 3463 466 3522 nihi
482 3461 521 3520 ad
537 3482 587 3519 tas
603 3474 684 3518 artes
700 3460 897 3520 celebrandas
912 3459 1009 3534 sumfi,
1031 3481 1158 3540 quarum
1175 3462 1295 3520 fluctus
1308 3463 1342 3540 in
1447 3431 1451 3604 1

205 3554 227 3583 “
250 3567 371 3605 omnem
389 3547 484 3604 vitam
503 3541 667 3600 videbatur
682 3542 874 3602 utilillrmus:
903 3543 1068 3602 Enimvero
1082 3563 1150 3601 cum
1168 3543 1244 3602 sacri
1260 3542 1340 3602 codi-

204 3633 227 3664 “
250 3629 292 3685 cis
308 3627 401 3684 lestio
417 3645 479 3682 nou
492 3623 645 3702 theologis
657 3623 760 3698 modo,
777 3622 827 3682 sed
844 3624 985 3682 omnibus
1000 3623 1088 3682 bonis
1103 3624 1190 3696 viris,
1206 3639 1239 3682 et
1254 3643 1339 3701 prae·
1447 3629 1451 3736 1

97 3741 99 3748 ·
206 3715 228 3744 “
251 3707 354 3766 sertim
376 3705 519 3778 eruditis,
547 3701 604 3761 esse
624 3703 756 3764 debebat
772 3705 1013 3782 jucuueiilltua3
1041 3705 1116 3784 quid
1141 3705 1228 3764 aliud
1247 3707 1342 3786 magis
1449 3743 1451 3776 ρ

206 3798 227 3826 “
251 3789 329 3847 serio
345 3787 497 3868 agendum
514 3785 603 3844 nobis
618 3785 671 3860 est,
694 3785 748 3865 qui
769 3787 801 3844 in
822 3788 879 3843 hoc
901 3787 1029 3845 ltonesto
1044 3787 1110 3844 otio
1126 3785 1268 3860 vivimus,
1288 3785 1341 3848 uist
1449 3779 1451 3794 '

208 3878 229 3908 “
252 3885 287 3927 ut
304 3891 393 3947 quam
412 3867 527 3946 optime
544 3867 632 3926 uobis
648 3869 790 3950 cognitus
806 3867 1039 3944 intellet‘tusque
1055 3867 1093 3928 stt
1107 3869 1131 3926 is
1146 3871 1257 3940 sermo,
1282 3887 1340 3944 quo

206 3959 229 3988 “
251 3953 324 4010 olim
344 3951 411 4008 usus
426 3949 491 4026 ipse
503 3953 587 4007 Deus
602 3949 676 4023 fuit,
693 3970 760 4008 cum
777 3948 891 4028 priscos
902 3947 1043 4008 ecclefiae
1058 3952 1195 4009 rectores
1209 3949 1262 4006 suo
1277 3947 1339 4028 dig-

205 4041 228 4070 “
250 4047 343 4091 natus
361 4031 498 4110 alloquio
515 4029 585 4089 est?
621 4031 792 4090 Dicendum
816 4028 921 4110 apert?
941 4030 994 4105 est,
1016 4031 1105 4090 valde
1126 4029 1233 4108 supine
1254 4042 1341 4108 atque
1363 4081 1366 4093 .
1397 4033 1403 4040 '

205 4121 226 4152 “
249 4113 418 4172 oscitanter
440 4113 583 4180 vivimutt.
625 4115 846 4192 Hispanorum,
874 4113 1111 4191 Gallorumque,
1137 4128 1170 4172 et
1197 4113 1340 4172 Italorum

204 4203 228 4234 “
250 4195 343 4253 verba
359 4211 451 4274 atque
469 4215 558 4254 voces
574 4194 741 4263 diuinus,
766 4209 798 4253 et
817 4195 974 4274 postquam
997 4194 1099 4254 clalles
1113 4194 1235 4254 nostrae
1251 4193 1349 4256 alium.

204 4282 228 4313 “
250 4277 355 4336 orbem
373 4278 522 4356 petivere,
545 4277 640 4335 etiarn
657 4297 723 4335 curu
743 4277 826 4336 Indis
841 4276 998 4356 loquimur
1014 4275 1154 4336 barbare.
1196 4277 1275 4339 Tam
1297 4277 1339 4335 in·

150 4351 159 4374 ’
204 4365 227 4395 “
249 4355 361 4439 peniofi
375 4381 441 4418 rum
455 4355 556 4434 fimus,
573 4379 665 4418 turam
683 4357 769 4418 illam
787 4379 852 4418 nnn
868 4359 1073 4440 intelligimus
1087 4360 1240 4440 linguam,
1257 4377 1339 4438 quatu

204 4447 227 4478 “
248 4440 388 4528 proferto
410 4460 502 4498 uuaun
526 4441 662 4502 didicisse
684 4461 796 4522 operae
818 4456 888 4503 erat
909 4441 1082 4530 pretium.”
1123 4439 1197 4510 Vid.
1220 4439 1292 4504 Cura
1310 4438 1341 4520 dt

200 4519 418 4606 RepubHebr.
440 4518 562 4592 titul.
585 4521 865 4619 Praefal·1>·2763
923 4611 927 4618 Ι
989 4591 993 4600 ,
1075 4523 1083 4529 ’

123 4626 192 4648 ⁴
