2924 4832
200 241 265 348 ’ΒΞ
444 259 447 270 ·
482 238 539 322 De
572 233 805 347 Antiquitate
836 253 883 321 es
901 239 1079 323 Utilitate

241 444 398 560 ,Apud
436 441 740 550 antiquissimos
778 445 934 524 Arabes
970 444 1013 525 in
1052 443 1236 526 eonfell'o
1267 447 1339 542 est,

203 591 353 654 notam
387 561 505 646 fuisse
539 587 672 646 artem
706 566 933 659 scribendi,
968 568 1201 676 praecipu&
1224 569 1339 675 apud

202 693 341 773 tribus
365 686 659 796 Himjarenses,
685 695 712 766 i.
734 715 764 767 e.
797 689 1032 768 Homeritas
1055 691 1121 770 vel
1143 691 1336 786 Sabaeos,

199 813 277 920 qui
301 809 590 916 principatum
614 810 744 890 totius
763 809 943 889 Arabiae
968 837 1041 918 per
1059 810 1337 918 longillimam

198 933 441 1016 seculorum
474 932 619 1011 seriem
653 953 864 1011 tenuere:
903 931 1202 1013 Charasterum
1238 961 1338 1013 vero

200 1081 339 1164 genua
380 1054 631 1160 perplexum
673 1053 893 1160 quoddam
930 1076 976 1132 et·
1009 1053 1245 1145 confusum,
1275 1077 1363 1135 ·et·

190 1194 317 1266 'ab-dl
338 1175 538 1286 Almosoad
565 1201 588 1254 a
616 1175 764 1255 mutui
790 1173 951 1255 fulturi
980 1175 1157 1271 dierum,
1191 1177 1256 1256 uti
1278 1197 1339 1258 te·

124 1287 126 1296 ¹
200 1301 332 1383 statur
365 1299 461 1378 Ebn
489 1296 688 1379 Chalican
715 1294 790 1408 (b).
856 1297 1015 1376 Harum
1039 1295 1339 1402 antiquissima·

153 1439 154 1450 ‘
201 1447 301 1504 rum
331 1419 550 1501 literarum
582 1419 873 1525 alphabetum,
907 1439 999 1497 tum
1031 1445 1210 1498 numero
1244 1441 1339 1500 turn

201 1542 373 1636 ordine,
413 1541 638 1648 alphabeto
680 1541 889 1620 Hebraico
927 1533 1222 1648 respondebat,
1266 1570 1339 1648 ap·

199 1657 611 1774 pellaturque-&o
652 1677 720 1768 ,aa
745 1665 850 1752 ansol
883 1662 1021 1770 Abgod
1051 1667 1183 1754 Heoez,
1223 1666 1337 1742 voci·

202 1787 284 1868 bus
317 1784 620 1879 artificialibus,
663 1809 774 1889 quae
806 1783 947 1862 literas
981 1784 1102 1864 nobis
1133 1783 1338 1865 exhibent

201 1889 512 2015 digeruntqne,
548 1905 780 1986 secundum
814 1931 1006 1985 normam
1031 1907 1340 1986 Hebraicam-

201 2025 285 2124 (rc.¹
318 2040 473 2106 millo
505 2029 721 2108 adfinem
756 2027 884 2136 usque
916 2027 1146 2136 alphabeti.
1212 2115 1321 2194 Do&

242 2262 290 2348 (b)
324 2261 458 2344 Quidam
484 2241 601 2322 Arabes
628 2263 804 2322 lshmaelem
829 2265 965 2340 primurn
990 2261 1155 2323 literarum
1181 2271 1342 2328 auctorent

70 2344 74 2352 '
199 2343 289 2410 fuiss'e
305 2344 450 2417 tradunt,
475 2343 523 2410 ita
537 2357 644 2404 tamen
659 2357 695 2401 ut
715 2343 867 2402 scribendi
882 2345 965 2402 ratio
981 2346 1020 2404 ab
1034 2345 1100 2423 ipso
1116 2345 1235 2406 tradita
1251 2349 1342 2408 valde

198 2427 330 2490 confusa
344 2440 378 2484 et
392 2425 529 2502 implexa
544 2421 626 2497 esset,
647 2424 735 2482 nullo
751 2423 836 2482 inter
850 2425 945 2482 verba
960 2441 1015 2486 aut
1030 2427 1139 2485 literas
1154 2427 1338 2504 interstitio,
1394 2467 1398 2474 ·

199 2509 285 2590 quod
307 2507 412 2586 postea
431 2505 469 2563 ab
489 2505 635 2566 Homaisi
655 2518 690 2564 et
711 2503 815 2566 Kedar
835 2503 926 2582 ipsius
946 2507 1017 2565 siliis
1038 2506 1224 2569 adhibitum.
1265 2511 1340 2570 Vid.

200 2587 320 2654 Potock.
338 2588 420 2646 Orat.
437 2586 470 2644 de
485 2585 572 2666 Ling.
591 2584 682 2646 Arab.

240 2667 409 2731 Diverfitas
424 2667 604 2746 novitasque
620 2667 790 2745 scripturae
801 2667 962 2740 Arabicae,
978 2687 1056 2746 quae
1072 2667 1141 2727 sani
1153 2673 1341 2750 niagnopere

164 2795 169 2802 ,
199 2754 240 2814 ab
251 2749 393 2810 Hebraei
404 2746 535 2824 diffidet,
553 2745 636 2824 apud
648 2747 793 2828 quosdam
810 2749 1008 2827 suspicionem
1025 2769 1148 2808 movere
1163 2753 1252 2825 lblet,
1272 2753 1342 2811 dia·

200 2831 419 2896 tetrametram
435 2827 475 2886 ab
491 2830 613 2910 origine
630 2829 680 2888 suti
694 2828 859 2902 descivill'e,
881 2846 914 2890 et
928 2830 963 2888 in
978 2850 1090 2890 novam
1105 2831 1257 2909 quandam
1275 2835 1339 2892 for·
1448 2835 1449 2890 l

199 2933 284 2980 mant
299 2907 569 2992 degenerill‘e.-“
591 2909 639 2970 Ad
659 2909 905 2988 praejudicatam
928 2911 1016 2970 istam
1031 2913 1211 2989 opinionem
1227 2913 1341 2973 tollen·

180 3002 226 3034 ·“
248 2993 332 3066 dam,
357 2991 476 3074 (inquit
496 2989 729 3069 Schultensrus),
751 2989 846 3069 probe
861 2993 904 3052 est
919 2991 1100 3066 tenendum,
1123 2993 1343 3072 antiquissimae

200 3084 226 3116 ⁴‘
247 3073 384 3136 Arabum
399 3072 508 3130 literas
519 3073 613 3132 aliam
630 3073 742 3131 faciem
754 3071 926 3146 obtinuille,
944 3087 1037 3149 atque
1052 3093 1121 3132 cum
1132 3091 1342 3136 numeratum

200 3164 227 3196 ‘¹‘
248 3153 371 3226 ordine,
387 3152 555 3230 alphabeto
572 3155 728 3212 Hebraico
743 3154 916 3214 examussim
932 3153 1130 3230 respondille,
1161 3157 1227 3214 Hoc
1241 3158 1342 3215 vetus·

201 3245 228 3312 .“
249 3251 316 3296 tum
334 3235 467 3294 Arabiae
483 3235 683 3312 alphabetum
704 3235 884 3312 appellatur
901 3232 1004 3312 Algae
1022 3235 1133 3310 Hertz,
1159 3256 1197 3294 ex
1217 3237 1344 3297 vocibus

201 3327 228 3358 ⁴‘
249 3316 474 3388 artificialibus,
496 3335 573 3394 quae
589 3316 697 3374 literae
720 3335 826 3375 ornnes
845 3315 934 3394 nobis
953 3315 1102 3374 exhibent
1121 3315 1342 3396 digeruntque,

201 3409 228 3440 “
248 3396 413 3461 secundum
425 3416 565 3455 normam
577 3397 760 3455 Hebraicam
777 3397 833 3463 lh'l
845 3397 963 3468 Ἠλὶς,
980 3395 1020 3454 ad
1028 3397 1119 3456 finem
1131 3399 1223 3476 usque
1234 3399 1342 3475 alpha·

202 3490 227 3521 “
248 3483 334 3546 berit
359 3477 490 3536 noviciis
506 3477 687 3548 eliminatis,
710 3478 759 3534 vel
775 3475 815 3534 ad
830 3478 921 3536 linem
937 3477 1071 3554 rejedtis,
1093 3500 1171 3557 quae
1192 3479 1343 3558 posterior

199 3571 227 3604 “
248 3577 334 3621 aetas
349 3559 523 3630 adinvenit,
544 3571 581 3616 ut
596 3559 686 3616 tanto
698 3557 869 3618 accuratiits
885 3577 1009 3616 omnem
1024 3560 1208 3619 varietatem
1224 3562 1290 3620 soni
1305 3581 1344 3621 ex

199 3651 226 3765 z:
247 3637 1133 3798 areneeternamanteirent
1147 3641 1345 3799 {aar

198 3813 225 3846 ‘⁸
246 3797 372 3884 viguill'e
387 3797 513 3857 videtur
524 3799 556 3856 :''
582 3799 752 3860 Testantur
767 3801 851 3858 enim
866 3799 1032 3878 scriptores
1048 3801 1133 3880 apud
1149 3801 1344 3879 Himjaritae,

199 3893 222 3948 ἰ.
240 3908 266 3946 e.
293 3880 472 3944 Homeritas
487 3901 522 3939 ac
538 3879 680 3955 Sabaeos,
703 3881 757 3959 qui
778 3881 990 3959 principatum
1006 3893 1136 3941 tenuere
1152 3883 1250 3940 totius
1265 3887 1344 3942 Ara·

196 3967 282 4039 biae,
308 3981 365 4041 per
388 3959 592 4043 longiffimam
616 3962 786 4022 seculorum
812 3963 933 4036 seriem,
956 3963 1139 4040 scripturam
1161 3963 1236 4021 olim
1262 3963 1344 4024 obti-

197 4045 295 4111 nuill'e
310 4043 441 4103 multbm
456 4043 606 4103 diversam
622 4043 662 4102 ab
677 4043 732 4104 illa
747 4044 914 4120 communi,
936 4057 1030 4120 atque
1046 4064 1065 4101 a
1080 4046 1259 4102 charadlere
1269 4047 1344 4106 euf-

199 4131 258 4190 sico
273 4126 371 4186 etiam
387 4123 623 4204 discrepantem.
665 4122 738 4184 Vid.
756 4121 914 4201 Schulrens.
932 4121 1016 4184 Clav.
1032 4123 1160 4187 Diaseti.
1172 4139 1206 4203 p.
1219 4143 1255 4200 32
1260 4144 1288 4202 3.
1310 4141 1346 4186 et

198 4207 319 4272 Pococl.
337 4207 418 4284 Spec.
436 4205 509 4281 Hisl.
528 4204 619 4265 Arab.
638 4221 669 4284 p.
690 4222 810 4280 154,··5.

238 4287 323 4350 ldem
339 4287 435 4346 etiam
449 4299 543 4346 notat
557 4285 744 4348 doetilsunus
759 4283 899 4346 Chardin
911 4308 920 4346 z
944 4289 969 4321 “
989 4289 1029 4346 Et
1044 4307 1079 4346 ce
1094 4299 1163 4346 mot
1175 4287 1240 4347 AB
1248 4289 1344 4350 Gan

198 4373 223 4409 “
243 4367 288 4431 est
303 4365 421 4428 formse
435 4366 475 4428 de
491 4379 602 4447 quatre
616 4370 739 4442 lettres,
756 4367 810 4446 qui
823 4364 903 4426 droit
918 4381 1025 4428 autres
1040 4367 1101 4426 fois
1116 4369 1161 4428 les
1174 4371 1345 4448 premieres

198 4457 223 4492 “
243 4451 282 4512 de
297 4449 328 4510 la
343 4449 459 4530 langue
473 4448 602 4522 Arabes,
623 4468 742 4510 comme
763 4449 824 4507 elle
844 4449 875 4506 le
896 4449 967 4508 sont
985 4469 1098 4512 encore
1115 4449 1156 4512 de
1176 4453 1269 4516 celles
1288 4449 1344 4513 det

197 4539 223 4619 ξ’
244 4529 427 4615 Ηὼταιιῧξ
465 4527 539 4596 vid.
556 4527 694 4593 claren.
717 4531 775 4594 aas.
793 4531 847 4593 111.
864 4543 898 4610 p.
918 4547 986 4608 154.
