2952 4836
194 193 273 300 eea
365 183 630 274 enarra
686 137 1209 284 rnuraraocnr.

198 387 448 496 2017.Vna.
473 385 511 470 6.
531 381 607 462 'lid
627 387 669 502 sn
690 407 793 478 textu
812 376 956 500 tegitur.
992 391 1051 477 sed
1074 340 1202 486 'versor
1222 391 1327 482 videa
1389 339 1398 350 ·

277 519 335 582 tur
362 494 431 578 else
461 499 571 580 lectio
597 501 675 574 'liv
705 505 884 608 princeps.
933 504 978 588 A
999 511 1131 608 prinae.
1190 513 1228 590 A
1246 503 1327 582 ‘tris

270 615 452 804 garelle
472 607 568 719 fi’rie
591 611 766 720 disposuit,
791 615 881 696 hinc
897 617 1144 722 principatum
1176 623 1325 700 tenuit:

314 725 347 802 cl
367 722 438 828 legi
469 719 575 836 possit
602 717 664 820 illl
684 727 860 830 princepe,
882 751 985 831 prop.
1002 725 1226 838 generufltate
1243 739 1326 810 cmi·

223 879 228 896 .
274 859 365 920 near.
386 833 527 931 Alli&
545 869 614 954 gepa
630 841 771 918 eminuit
786 838 967 944 dignitate,
988 841 1151 946 princeps
1161 839 1277 1034 suiqtg¹
1289 846 1322 1030 ἐ

189 1162 281 1242 renti,
299 1165 486 1234 manifestum
505 1165 571 1230 en't.
617 1167 744 1249 Duplice
767 1185 875 1235 eorum
900 1166 1028 1239 crimine
1046 1187 1078 1234 et
1095 1167 1204 1242 fraudis
1218 1189 1250 1236 et
1263 1173 1327 1236 rio-

189 1249 302 1320 seutiae
318 1254 348 1326 in
365 1251 464 1322 luceru
479 1251 833 1343 protraslo‚·senrenriam
852 1251 882 1326 iu
896 1275 958 1328 eor,
971 1253 1099 1340 respectu
1110 1255 1328 1349 primogenitu·

190 1357 252 1412 rae,
267 1336 312 1402 his
329 1339 425 1403 verbis
438 1344 625 1426 pronttntiat3
639 1340 774 1427 secretum
785 1363 876 1402 eorum
891 1363 924 1402 ne
936 1339 1021 1410 intret
1033 1342 1128 1404 anima
1138 1366 1209 1423 mea,
1222 1345 1252 1406 in
1266 1367 1323 1407 ere·

189 1437 248 1486 ianr
261 1445 352 1488 earum
363 1425 489 1510 reabscar
499 1419 589 1514 gloria
603 1451 673 1506 mee,
685 1425 705 1489 l.
722 1446 749 1489 e.
765 1447 803 1489 ne
820 1425 882 1491 ullo
898 1427 989 1492 modo
1003 1444 1052 1490 aut
1068 1425 1158 1513 signo
1170 1447 1325 1514 appareat,

191 1529 242 1578 me
256 1507 374 1578 inlatio
386 1533 490 1578 eorum
507 1505 691 1597 acquiescere
700 1538 710 1588 t
726 1511 841 1584 animus
851 1510 932 1578 enlm
946 1512 1078 1579 maxime
1090 1514 1233 1584 abhorret
1244 1513 1280 1578 ab
1290 1535 1327 1579 e-

177 1615 277 1662 orum
295 1598 407 1662 secreto
430 1618 582 1664 conventu
605 1617 637 1664 et
660 1599 781 1670 occulto
796 1596 929 1666 cunsrlio.
974 1598 1062 1666 Hisce
1080 1598 1178 1670 verbis
1191 1601 1325 1666 declarat

189 1681 218 1745 se
234 1681 325 1747 inscio
339 1705 367 1748 et
383 1685 482 1751 invito
497 1687 567 1751 talla
583 1685 619 1749 ab
632 1685 698 1771 ipsu
710 1684 797 1758 sassa,
808 1679 1125 1767 sesequevehemeuter
1135 1684 1326 1772 improbasse,

9 1766 10 1850 l
161 1839 166 1848 δ
188 1764 336 1856 subjungit
351 1771 450 1856 itaque
466 1769 617 1858 privilegii
632 1769 885 1858 primogeniturae
912 1768 1156 1856 denegationem,
1170 1791 1257 1856 quam
1273 1793 1326 1856 ap-

9 1855 10 1860 ’
189 1853 293 1920 tissime
309 1857 355 1921 his
367 1859 464 1922 verbis
485 1859 744 1944 comprehensam,
768 1857 797 1918 in
817 1869 922 1918 coetum
941 1875 1031 1919 eoram
1044 1878 1079 1920 ne
1091 1857 1215 1944 coakseat
1233 1857 1326 1940 gioria

187 1963 257 2010 mea.
268 1943 366 2028 gloria
380 1943 499 2027 Jacobs,
511 1966 575 2010 earn
592 1946 654 2030 ejus
667 1947 788 2014 denotat
802 1941 1000 2026 praestantiam
1010 1942 1244 2018 etexeelleutr'am,
1267 1946 1326 2027 qua

187 2023 272 2095 statri
286 2033 337 2095 suo
351 2033 510 2116 praelatus,
525 2051 555 2095 et
573 2030 777 2116 patriarchalia
792 2027 1008 2100 benedidionia
1029 2029 1133 2100 haeres
1153 2027 1245 2098 saslut
1256 2029 1301 2094 est
1317 2055 1327 2105 a

181 2111 353 2198 ipfiffimam
370 2117 467 2205 itaque
481 2117 737 2206 primogeniturae
752 2114 1001 2200 praerogativam,
1014 2110 1111 2178 Esaro
1128 2127 1325 2199 ereptamet

186 2197 240 2282 ipsr
257 2204 432 2284 concessam,
449 2225 523 2288 quae
535 2204 734 2290 principatum
747 2220 778 2266 et
794 2199 973 2286 singularem
988 2201 1024 2264 ad
1041 2197 1188 2279 Melitam,
1210 2221 1250 2268 ex
1261 2199 1323 2282 ipso
1373 2211 1377 2218 '

188 2285 346 2367 oriturum,
362 2290 537 2356 relationem
554 2289 691 2356 involvit.

225 2370 295 2442 Hoc
312 2375 426 2441 viderur
445 2377 562 2462 propria
576 2373 632 2460 else
666 2369 866 2455 loriajacobi,
878 2390 909 2437 et
925 2366 1141 2456 haudobscure
1159 2372 1261 2440 ecdem
1278 2393 1323 2436 re·

184 2457 284 2554 spicit,
311 2461 359 2526 ubi
373 2465 411 2529 de
425 2463 504 2552 Juda
525 2462 609 2543 dicit,
633 2399 721 2546 liudi,
740 2463 832 2555 r'lijll3
849 2479 958 2545 nempe
976 2459 1061 2554 'DJ
1081 2457 1157 2540 (vox
1171 2481 1187 2526 a
1203 2454 1278 2526 vers.
1294 2477 1323 2542 3.

184 2571 371 2653 repetenda),
399 2571 446 2636 ‘lia
465 2571 671 2656 primogenitus,
695 2567 805 2654 tibique
832 2565 1085 2654 primogeniturae
1107 2568 1157 2651 jus
1177 2565 1323 2646 devolvit,

187 2653 327 2734 quoniam
344 2676 405 2722 tres
419 2661 460 2721 tui
477 2657 582 2722 iratres
595 2655 772 2745 grandiores
786 2671 857 2722 natu
879 2652 937 2720 sese
965 2649 1106 2740 indignos
1133 2653 1189 2720 ltac
1212 2651 1322 2740 gloria,

186 2737 242 2814 suia
256 2739 377 2830 flagitiis
391 2745 593 2809 reddiderunt.
614 2742 659 2811 ‘Ta
670 2763 735 2806 uere
748 2765 786 2819 es,
798 2756 824 2803 er
837 2757 869 2807 rrr
883 2739 938 2804 err'r
956 2737 1048 2824 June,
1063 2760 1173 2808 nomeu
1188 2755 1217 2804 et
1230 2759 1322 2808 omen

186 2821 299 2903 habes3
332 2848 371 2893 eo
385 2829 538 2915 respicitur
552 2829 584 2894 iu
608 2849 684 2894 voce
702 2823 801 2924 mliii
820 2824 1058 2912 perelegantem
1087 2821 1322 2916 paranoniasram

185 2953 260 3082 ¹<puae
275 2956 328 3019 per
343 2953 441 3004 totum
457 2942 515 3008 lroc
531 2938 593 3010 sere
607 2957 695 3024 caput
709 2954 838 3036 regnat:
862 2936 932 3002 Nec
947 2935 1076 3002 insolens
1091 2935 1131 3004 ess
1145 2936 1195 3002 hic
1205 2935 1322 3024 gloriae

199 3021 378 3108 significatur,
396 3025 427 3092 in
443 3027 545 3114 primic
558 3047 649 3112 quum
663 3023 862 3112 principatum
876 3041 906 3088 et
921 3043 1046 3110 reguum
1061 3019 1171 3102 struat,
1185 3023 1266 3107 cujus
1278 3043 1324 3088 re-

186 3103 297 3192 speslm
311 3111 415 3202 imago
432 3115 490 3180 Dei
506 3133 535 3182 et
549 3115 664 3202 gloriae
681 3111 821 3178 notiones
833 3107 1056 3193 permiscentur.
1079 3079 1145 3174 iisd.
1159 3107 1203 3172 Ps.
1216 3107 1278 3172 viii.
1291 3111 1321 3174 6.

189 3213 202 3262 t
222 3193 296 3260 Cor.
314 3198 356 3263 xi.
374 3223 403 3280 7.
426 3199 658 3288 Daridquoque
672 3201 749 3272 hanc
771 3195 1011 3282 praerogativam
1031 3192 1255 3282 girriamsirmrr
1274 3217 1324 3280 ap·

5 3323 6 3332 1
187 3279 290 3371 pellat,
307 3284 404 3367 Pili.
420 3307 448 3353 a.
464 3287 528 3356 xxi.
543 3310 575 3373 ς.
608 3289 676 3355 Nec
688 3284 748 3352 alio
761 3284 882 3350 videtur
895 3277 1048 3366 pertinere
1065 3280 1167 3350 titulus
1181 3279 1322 3350 excellen-

111 3381 116 3392 “
185 3366 246 3432 tiae
261 3370 429 3456 jacobi,Ps.
442 3373 525 3446 xlvii.
540 3399 571 3456 4.
600 3373 654 3445 Ila.
668 3371 743 3444 lviii.
763 3391 810 3450 ¹4·
838 3367 885 3436 el.
900 3366 1076 3454 Houb'tgant
1102 3365 1193 3435 vertit
1225 3355 1323 3467 ’ἹΞΡ

187 3475 378 3562 corveljecur
391 3467 494 3557 mium
506 3495 536 3544 er
551 3498 705 3566 praeterea
724 3473 818 3554 addit,
842 3495 945 3560 parum
959 3473 1105 3560 liquidum
1121 3473 1177 3556 esi,
1201 3471 1322 3562 puidssr,

118 3575 126 3594 ¹
185 3561 301 3630 enititur
310 3565 405 3652 gloria
418 3587 494 3630 mem
516 3568 570 3631 Sed
585 3587 624 3632 ex
639 3557 796 3652 praelieris
811 3559 923 3626 sensum
940 3557 995 3626 esse
1010 3581 1178 3649 congruum
1196 3581 1225 3629 et
1239 3559 1322 3646 liqui,

185 3646 257 3718 dum
272 3648 359 3733 plane
375 3671 507 3738 apparet·
533 3652 603 3716 Vid.
621 3648 754 3734 Huubig.
771 3646 932 3712 inlocum.
969 3730 976 3744 Ι

228 3736 319 3802 Dnsl.
351 3737 483 3803 Grabius
506 3740 543 3802 ad
573 3739 787 3805 testamentum
820 3755 866 3804 ra·
899 3731 1138 3802 Patmareharum
1166 3733 1237 3798 huic
1260 3729 1323 3800 scn-

185 3822 297 3888 tentiae
310 3823 410 3904 favete
431 3824 510 3892 hisce
524 3825 636 3906 verbis,
673 3821 854 3890 “Dicerem
882 3819 1035 3890 aridiorem
1067 3817 1220 3902 respexisse
1247 3817 1322 3888 haec

187 3909 211 3944 “
232 3907 339 3990 Jacobi
353 3915 453 3993 uerba,
469 3914 568 3978 caetui
581 3933 689 3980 eorum
707 3931 745 3978 ne
757 3906 904 4002 irrogatur
914 3903 1010 3994 gloria
1024 3925 1100 3984 mea,
1117 3903 1139 3968 i.
1153 3925 1181 3968 e.
1195 3901 1227 3970 in
1242 3903 1322 3974 tribu

186 3995 211 4032 “
234 4017 391 4064 eorumne
407 4001 652 4086 existatregnum
670 4000 878 4084 israeliticum,
894 3993 972 4056 &⁶3²
987 4065 994 4080 ,
1028 4051 1032 4060 .
1096 4043 1100 4052 ·

229 4085 273 4168 (a)
291 4083 387 4152 Valde
402 4085 738 4175 obviumessevidetur,
754 4107 784 4160 ut
800 4083 880 4152 nic*
896 4077 943 4144 vel
957 4079 1020 4171 ἾΨ
1046 4077 1109 4168 pati
1139 4081 1233 4148 verbo
1248 4077 1324 4176 pjrg

184 4165 370 4297 respondeat,
385 4191 425 4298 'et
441 4169 567 4297 ut'llld
585 4173 675 4302 (quod
690 4183 819 4254 derivari
845 4185 941 4302 possit¹
955 4207 973 4252 a
985 4175 1065 4258 itii
1079 4189 1178 4300 sl*
1192 4189 1241 4254 vei
1256 4237 1324 4304 ρ..

183 4281 348 4368 reauferre
360 4283 506 4372 disposuit,
520 4283 583 4354 henr
589 4291 816 4379 prooemiali),
841 4293 892 4360 vel
906 4299 968 4393 'igi
982 4291 1130 4382 significet
1148 4294 1324 4384 principem,

1294 4423 1325 4470 el
