2952 4836
286 187 706 324 GENESEOS'
748 231 938 318 (iretur³
961 234 1116 319 XLIX.
1215 263 1289 350 253

235 433 329 520 utilit
348 463 359 513 r
394 439 495 517 Hi'nc
517 432 736 542 superbiore
766 437 871 545 aquis
888 427 1060 540 tribuitur
1078 463 1175 552 quae
1192 442 1292 523 alre-

238 573 300 629 um
322 539 486 650 superant
507 563 543 624 et
559 547 875 654 trar·1ltgrediuutur
890 547 962 658 i(l).
999 623 1001 626 .

155 655 640 758 2012.·rult·rt’raeeertea,
672 660 947 764 praecellentem
970 672 1006 738 te
1025 659 1149 752 faciet,-
1182 685 1287 768 prop.

157 825 162 836 ·
235 798 312 856 uon
334 773 501 849 narrabis
534 789 583 864 te,
615 773 640 846 i.
660 799 692 848 e.
724 772 938 878 neutiquam
965 769 1202 880 dignitatelet
1229 798 1292 848 ro-

238 890 327 963 bore
346 883 550 988 praecellet,
583 906 669 959 am.
684 879 872 986 fingalut.
889 909 908 983 5
924 880 977 986 sp.
1013 883 1198 978 Anpssvel
1218 884 1292 974 *ll'li

229 1005 283 1114 p,
315 989 452 1072 intensa
474 995 509 1068 ri
537 1005 572 1071 et
593 991 748 1069 tremula
779 995 951 1086 vibravit,
991 1013 1105 1072 nerto
1127 982 1293 1070 vibrante

238 1099 422 1212 praeditus
456 1099 549 1182 luit:
597 1095 847 1210 Hiucviguit,
880 1107 1102 1212 praecelluit,
1135 1105 1171 1181 ln
1191 1120 1216 1206 5
1238 1103 1289 1214 lp.
1376 1097 1377 1102 ¹

101 1209 110 1222 '
213 1265 214 1268 a
235 1209 358 1302 *isnin
375 1215 529 1306 vibrare,
550 1211 674 1318 vigere
688 1209 789 1305 sectr,
818 1217 1012 1320 praealtis.
1049 1217 1173 1294 Sernet
1190 1240 1294 1322 prae*
1414 1243 1418 1252 ·

236 1325 431 1410 celleutetn
452 1321 636 1424 exbibu't.
695 1321 748 1409 To
769 1323 808 1406 be
826 1336 998 1434 vigardus,
1033 1349 1067 1406 tu
1097 1325 1136 1408 be
1157 1321 1289 1440 strong,

237 1459 273 1516 ru
291 1436 421 1528 entered,
457 1455 491 1518 to
508 1455 612 1538 eata.
1392 1433 1397 1440 ’

107 279 114 286 ,

1167 1561 1289 1652 2013.

153 1785 163 1803 ·
198 1768 236 1854 (l)
255 1759 411 1832 Rubenem
430 1759 665 1852 primogenitum
683 1762 763 1834 suurn
780 1765 808 1831 vi
825 1757 988 1848 natltlraris
1003 1762 1146 1846 declarat,
1162 1778 1191 1829 er
1208 1755 1293 1830 usta·

155 1871 190 1920 to
207 1844 404 1940 primogeniti
429 1846 565 1932 epitheto
587 1865 653 1915 eum
671 1868 774 1934 ornat.
812 1851 889 1918 More
912 1849 1109 1944 primogeniti
1127 1850 1296 1939 prerogatlb

155 1957 224 2010 tarn
241 1952 401 2006 memorat,
415 1951 444 2002 er
455 1929 573 2006 Rubeui
586 1935 747 2022 exprobrat
762 1935 925 2024 superbiam
940 1949 969 2006 et
984 1933 1129 2006 lasciviam
1143 1939 1210 2004 iure
1223 1954 1298 2006 con·

156 2045 289 2112 ceptam,
312 2021 357 2086 hls
371 2020 481 2098 verbis,
497 2015 672 2086 Abundanrla
686 2021 864 2101 excellentiae,
879 2039 905 2090 er
925 2041 1008 2090 neruo
1019 2025 1111 2090 valida
1124 2017 1243 2088 tumidas
1253 2019 1296 2084 ln·

7 2175 8 2178 ,
141 2114 386 2194 staraqrrarlon:
418 2103 507 2187 Qtae
522 2109 658 2174 versuum
676 2119 764 2194 prata
779 2107 975 2178 distindiibbe
993 2108 1090 2176 avulsa
1108 2107 1204 2175 secum
1228 2107 1295 2176 snat

156 2195 364 2272 construenda,
382 2187 417 2256 ut'
428 2191 514 2257 laoile
529 2191 673 2272 cernitur,
701 2212 767 2260 eum
783 2209 872 2262 vocet
886 2196 1057 2262 abundantia
1071 2191 1249 2272 excellentiae,
1269 2205 1297 2258 et

128 2349 132 2364 ,
156 2303 239 2348 neruo
253 2274 347 2342 valido
362 2273 521 2344 necessario
543 2279 710 2364 requirunt,
737 2295 863 2366 quocum
890 2285 1116 2352 conuertuntur.
1161 2280 1247 2364 Qtod
1262 2276 1295 2348 in

156 2369 249 2433 verbo
267 2365 338 2461 mgr
357 2379 427 2480 psi
455 2365 537 2432 rede
563 2361 718 2430 intellecto
734 2365 837 2453 sponse
853 2360 900 2436 lut
915 2361 973 2434 sele
987 2357 1098 2436 offert:
1130 2366 1249 2453 proprie
1263 2385 1297 2429 e·

41 2475 45 2481 .
157 2475 220 2548 nim
238 2474 422 2558 esbiornum,
434 2467 506 2536 hinc
519 2467 691 2621 spperlt'vr’s,
705 2471 785 2537 inani
793 2463 1010 2582 ¹glorr'rtr'rrjlalrtr
1026 2475 1091 2542 snit.
1135 2473 1201 2538 Vid.
1223 2466 1296 2558 Jud.

155 2563 199 2628 it.
213 2583 245 2640 4·
283 2551 387 2643 Zeph.
403 2557 444 2624 iii.
464 2581 494 2638 4.
565 2557 790 2641 sscorrrparatio
806 2560 842 2626 ab
856 2575 949 2646 aqou,
964 2557 1051 2627 alveo
1066 2577 1125 2628 nort
1140 2557 1302 2626 eontinen.

156 2648 212 2726 dit,
227 2665 302 2731 quae
318 2645 354 2712 ad
368 2643 533 2730 superbiam
546 2659 576 2706 et
601 2642 752 2710 lasciuiam
768 2645 926 2732 saepiffirne
939 2647 1124 2726 transfertur,
1146 2645 1240 2711 sensue
1254 2644 1300 2714 est

158 2730 297 2798 Rubeuis
311 2727 496 2796 libidinosum
515 2729 660 2809 animum,
686 2728 776 2799 inlltr
790 2733 953 2800 flaminius
989 2733 1066 2812 erbi,
1088 2733 1118 2798 id
1134 2732 1187 2810 est,
1211 2731 1299 2796 alteo
1370 2787 1376 2798 .

156 2815 344 2902 erumpentis
355 2815 489 2901 evagelio
513 2815 549 2879 ad
565 2815 816 2899 perpetrationem
832 2819 950 2907 flagitio
987 2813 1109 2892 deledli:
1155 2817 1202 2882 Ad
1217 2819 1298 2883 hune

156 2903 270 2969 sertsum
282 2901 374 2967 etiarn
388 2901 524 2967 Onkeion
540 2900 631 2965 etiam
649 2901 750 2966 locum
768 2905 940 2970 declararit.
969 2905 1058 2972 LXX
1072 2905 1227 2970 reddidere
1243 2903 1304 2974 eti·.

158 3011 205 3056 am
220 3009 274 3076 per
290 2989 443 3082 diriperae,
461 3007 536 3070 quae
548 2985 641 3052 etiam
657 2985 692 3050 de
707 2988 851 3072 superbia,
868 2990 988 3056 lasciuia
1003 3011 1033 3056 et
1045 2990 1142 3056 fluviis
1156 3003 1241 3054 etttra
1255 2989 1297 3056 at.

157 3102 229 3150 reos
243 3086 468 3170 erumpentibus
480 3081 614 3150 sumitur.
638 3081 715 3148 Huic
728 3085 968 3170 interpretationi
980 3089 1059 3152 addit
1071 3086 1161 3154 robur
1172 3085 1297 3154 verbum

160 3151 243 3272 0le
260 3170 397 3258 trsterrdr'r,
418 3171 497 3258 quod
513 3189 587 3236 mox
600 3165 740 3256 sequitur,
764 3169 813 3236 ubi
830 3170 935 3238 lemane
942 3173 1045 3242 Petris
1061 3171 1211 3256 ascendiffe
1226 3171 1298 3244 dici,-

157 3297 215 3364 tur,
229 3285 339 3370 quippe
353 3287 432 3370 quod
448 3285 568 3372 proprie
581 3283 691 3372 agnat,
707 3282 906 3370 axfirperavr'r,
923 3279 1072 3355 excrevit,
1088 3292 1120 3346 et
1133 3280 1164 3345 in
1176 3281 1298 3348 flumine

158 3361 245 3452 supra
266 3373 343 3456 ripas
364 3373 581 3438 intumescente
609 3369 730 3449 teritur,
757 3389 944 3456 omnemque
968 3365 1124 3453 exerfftrm,
1149 3365 1300 3453 imprimit
1428 3409 1431 3416 =

158 3475 227 3518 cum
246 3451 372 3538 juvenili
387 3457 551 3542 petulantia
565 3453 1031 3542 cottjundium,,comprehendin
1046 3451 1201 3536 superbum
1219 3455 1300 3528 buno

158 3533 175 3604 l
191 3539 290 3610 iritum
304 3559 338 3608 et
355 3543 539 3628 petulantem
559 3541 712 3608 audaciam
726 3539 756 3606 itt
774 3541 883 3611 sedtum
901 3540 993 3628 patris
1010 3539 1174 3621 innodandi,
1191 3541 1300 3629 repetit
1418 3603 1421 3618 ,

159 3561 291 3708 lacobus
304 3649 321 3692 a
336 3651 414 3696 vana
429 3631 492 3716 ejus
506 3626 651 3715 opinione
666 3629 704 3692 de
717 3625 926 3722 praerogativa
939 3623 1150 3712 primogeniti,
1163 3643 1218 3710 qua
1227 3645 1300 3714 gau·

159 3711 267 3792 debat:
304 3713 361 3784 Ubi
377 3734 446 3780 eum
462 3713 632 3790 aiundmrtia
659 3713 847 3778 excelleruiae
871 3732 901 3780 et
932 3731 1026 3780 nervo
1042 3709 1140 3774 valido
1164 3711 1299 3782 inflatum

157 3788 251 3880 luisse,
266 3799 379 3878 tradite
403 3799 563 3886 quibusque
578 3797 730 3886 phrasibus
744 3797 938 3888 privilegium
955 3799 1030 3865 illud
1050 3813 1119 3880 apte
1135 3797 1297 3866 admodum

158 3884 348 3966 exprimitur.
392 3884 478 3958 Prior
492 3889 572 3970 enim
590 3887 625 3956 ad
651 3883 828 3973 dignitatern
854 3903 884 3953 et
906 3886 1122 3971 principatumr
1156 3883 1300 3969 poterion

158 3987 234 4034 vero
251 3973 287 4034 ad
303 3990 394 4058 opum
411 3989 440 4036 et
456 3971 644 4038 fortunarum
662 3973 780 4056 copiam
796 3990 828 4036 et
843 3971 1016 4038 firmitatem
1031 3968 1178 4050 l'amiliae,
1195 3970 1299 4058 inqui·

159 4049 215 4116 bus
229 4049 337 4122 duabus
354 4057 493 4142 partibus,
507 4059 579 4124 illud
592 4055 780 4146 privilegium
796 4058 883 4124 situm
897 4059 964 4141 suit,
975 4053 1120 4146 pertinet.
1148 4055 1299 4146 Principe»

157 4155 235 4220 tum,
252 4139 507 4230 primogeniturae
522 4145 688 4232 proprium,
702 4143 891 4209 excellentiae
909 4149 1007 4244 Πζςῳ
1025 4140 1148 4206 nomine
1163 4151 1302 4232 comprdr

156 4247 273 4333 itendit
306 4271 345 4318 ea
361 4253 438 4322 Gen.
451 4252 494 4334 iv.
510 4275 540 4350 χ.
557 4269 651 4354 patet.
682 4255 723 4332 uti
739 4249 849 4335 doliiff·
866 4257 1002 4322 Venema
1026 4249 1176 4334 ostendit3
1205 4257 1299 4414 ptepa

1187 4363 1208 4430 p
1232 4365 1260 4412 ra
1274 4361 1300 4428 tt
