2916 4828
156 180 238 282 562
335 182 586 270 cuivis
643 189 1177 280 annuntiationi.
1279 211 1283 218 ·

132 399 135 412 ·
159 381 211 484 36
216 383 279 485 56.
308 373 392 476 apri
419 387 546 492 Vulgo
565 383 729 466 redditur
749 404 958 496 protegetis.
990 395 1159 500 Cooering
1179 391 1220 501 ly
1242 417 1335 500 urcy

218 491 470 602 osprotctlion.
502 494 573 575 Sed
603 507 723 605 potius
743 501 977 592 vertendum,
1006 505 1218 585 thalamum
1238 531 1338 610 nup⁴

220 608 347 684 tialem
369 604 594 711 expandens,
628 627 717 716 part.
751 607 863 716 praes.
901 640 913 688 6
944 611 994 719 sp.
1054 617 1148 693 Aliis
1169 641 1259 692 vero
1281 614 1338 693 eil

222 737 338 825 praet.
375 743 396 816 3
426 716 476 824 sp.
507 719 580 798 666
614 717 763 814 Pihhel‚
796 747 862 827 pro
880 725 988 818 66313.
1049 729 1085 804 A
1115 725 1195 818 ’1616
1224 731 1342 803 αἱ,

222 853 327 934 prop.
366 825 538 907 fricando
574 833 719 938 polivit,
759 831 869 924 terfit,
911 834 1119 930 mundavit,
1156 839 1336 914 ornavit:

221 939 323 1017 Hine
342 942 471 1032 etiam,
504 945 646 1048 operuit
666 959 702 1020 et
722 945 840 1022 cinxit
864 943 962 1024 6666
984 978 994 1023 :
1028 949 1142 1040 Hiuc,
1176 973 1213 1026 a.
1248 947 1340 1024 tha·

222 1049 369 1128 lanium
398 1053 599 1156 nuptialem
632 1057 761 1146 erexit,
804 1059 984 1159 expandit
1018 1059 1122 1164 super
1155 1061 1335 1165 aliquem.

224 1155 277 1240 Tu
295 1187 397 1238 cover
415 1163 489 1238 and
498 1165 613 1258 secure
630 1191 668 1242 us
687 1171 724 1242 in
742 1164 952 1270 reirandei,
974 1191 1008 1247 io
1022 1176 1111 1248 66616
1129 1195 1152 1246 a
1169 1165 1345 1275 beautiful

223 1269 296 1349 and
310 1269 530 1350 commodioris
547 1280 708 1376 rovering
724 1302 809 1352 over
826 1303 886 1354 one
917 1277 990 1388 (l).

172 1385 294 1494 3657.
330 1383 437 1460 vai.
476 1409 536 1488 ¹3·
567 1359 716 1487 aaran
742 1389 782 1467 6.
818 1411 842 1462 a
876 1416 928 1468 m.
965 1376 1079 1488 inan
1107 1389 1336 1485 penetrans,

186 1555 191 1565 .
229 1491 337 1574 valde
352 1487 585 1590 6666666166,
617 1513 708 1602 part.
739 1495 835 1604 4sp.
878 1501 1018 1594 hisi)
1038 1512 1097 1614 alp
1126 1499 1332 1581 benedixit.

1218 1623 1335 1728 3658.

169 1797 333 1867 fortissima
344 1797 448 1876 tribui,
466 1795 610 1886 Ephraim
624 1801 751 1886 etJnda,
766 1821 831 1890 quac
845 1799 940 1867 sedem
954 1797 1014 1864 Dei
1027 1795 1245 1882 Hierosolymis
1259 1817 1345 1864 otroo

168 1908 226 1972 que
244 1890 337 1952 latere
353 1885 529 1971 cingebant,
555 1889 672 1954 humeri
695 1890 767 1968 Dei,
791 1890 962 1972 inquorum
981 1883 1082 1950 medio
1096 1885 1223 1972 degebat
1240 1883 1345 1950 secure

169 1975 211 2040 Be
224 1974 340 2058 ijimin,
364 1972 464 2036 vocari
481 1974 629 2038 videntur.
664 1979 708 2040 nd
725 1975 914 2040 securitatem
931 1990 961 2042 66
975 1969 1185 2036 celebritatem
1202 1970 1281 2036 illini
1293 1993 1344 2036 re-

194 2059 270 2123 ionii
286 2059 417 2124 multum
432 2059 571 2139 contulit,
595 2063 673 2145 quod
689 2083 756 2125 cuin
773 2059 851 2124 66666
864 2078 895 2124 66
912 2061 993 2124 locut
1008 2057 1202 2122 habitationis
1217 2059 1275 2126 Dei
1292 2079 1345 2126 re·

169 2081 353 2232 iigionisque
370 2143 400 2208 in
417 2141 526 2209 vicinia
544 2146 591 2210 rel
607 2148 709 2212 medio
725 2150 789 2232 ejus
805 2147 905 2226 inerit,
922 2165 985 2210 turn
1002 2143 1137 2208 solennes
1153 2146 1254 2229 populi
1268 2164 1343 2211 cou-

169 2252 276 2298 venius
289 2249 321 2296 et
337 2229 506 2307 tribunalia,
525 2249 587 2298 tuin
607 2229 722 2298 scholas
737 2235 954 2320 prophetarum
967 2229 1002 2295 iri
1014 2230 1115 2295 medio
1129 2229 1169 2294 sui
1184 2231 1319 2296 habuerit
1335 2253 1345 2297 r

170 2319 253 2386 Hinc
277 2317 361 2401 hujus
382 2315 515 2382 vaticinii
539 2318 650 2384 veritat
672 2321 782 2400 elucet,
805 2323 828 2358 “
853 2320 989 2384 Dilellus
1003 2317 1154 2403 Jehovae,
1172 2317 1347 2466 Beniamin,

171 2401 368 2479 “thabitabit
385 2403 460 2486 apud
476 2423 560 2483 eum,
583 2405 745 2490 Jehovani,
768 2405 880 2486 secure,
902 2403 981 2490 qnasi
1002 2407 1032 2469 iit
1051 2417 1139 2486 portu
1155 2403 1229 2467 uest
1249 2404 1347 2469 asaniv

172 2505 195 2538 ‘⁴
217 2511 316 2581 agens,
341 2489 384 2572 (id
400 2487 482 2554 enirn
500 2511 560 2554 vox
577 2495 656 2613 ἾΒΠ
673 2495 771 2578 notai)
795 2495 869 2577 apud
886 2513 956 2558 euin
974 2487 1120 2576 quotidie,
1142 2507 1175 2553 et
1190 2487 1271 2554 inter
1282 2491 1344 2574 hu·

172 2585 197 2622 ‘⁴
223 2599 320 2643 meros
346 2577 408 2660 ejus
431 2574 591 2642 habitans!
642 2577 767 2644 Tiadlus
782 2580 910 2663 denique
927 2574 1114 2662 Beniamiuis
1130 2571 1183 2638 soli
1208 2573 1346 2641 bonitate
1397 2633 1402 2641 .

172 2683 206 2732 66
220 2661 358 2728 omnium
374 2682 475 2726 rerum
491 2661 580 2748 copia
595 2663 837 2730 celebratissimus
848 2684 925 2744 erat,
941 2664 1100 2747 praecipue
1110 2658 1347 2728 Hierichuntina

173 2749 261 2836 regio
279 2745 390 2823 messii,
413 2747 609 2828 opobalsami,
635 2751 815 2835 palmarum,
839 2750 1024 2834 aliorumque
1048 2743 1246 2834 pretiosorum
1268 2747 1346 2814 sruc-

173 2862 256 2911 tuum
273 2836 445 2904 setacishma
460 2855 550 2914 erat;
573 2837 615 2904 ita
633 2857 664 2904 ut
681 2847 757 2906 belot
772 2869 873 2930 χωριω
888 2844 970 2932 regio
983 2842 1082 2906 diuina
1096 2839 1253 2926 appellari,
1270 2839 1347 2908 teile

174 2938 319 3028 Josepho,
343 2951 504 2998 mereatur.
546 2931 617 2998 Vid·
639 2933 686 2998 Cl.
702 2935 831 3016 Verrem.
850 2935 970 3002 Dissert.
987 2936 1018 3000 iri
1034 2935 1111 2998 Gerr.
1129 2933 1206 3000 xlix.
1224 2955 1254 3019 p.
1270 2937 1346 3015 664.

174 3021 407 3092 Observandum
425 3019 479 3096 est,
506 3017 759 3105 Hierosolymam,
780 3018 938 3089 secundum
955 3022 1083 3106 primarii
1101 3017 1292 3096 divisionem,
1314 3024 1346 3087 in
1437 3089 1438 3096 χ

175 3111 256 3180 sorte
275 3107 472 3191 benjaminh,
493 3127 555 3172 nou
570 3105 679 3190 Judae,
701 3104 808 3184 suisl'e;
837 3127 906 3172 nain
929 3107 1010 3170 linea
1034 3129 1051 3170 a
1070 3106 1148 3188 Mari
1168 3107 1291 3171 Mortuo
1307 3107 1346 3172 ad
1436 3125 1437 3134 ¹

174 3199 266 3265 Mire
284 3191 546 3258 Mediterraneum
563 3191 690 3259 exclusit
707 3191 950 3279 Hierosolymam
975 3195 1011 3257 ad
1032 3189 1292 3278 septemtrionem,
1315 3205 1351 3258 et'
1434 3241 1436 3278 z

174 3279 297 3368 reliquit
313 3279 343 3343 iri
361 3277 532 3362 aquilonem
548 3295 664 3364 partem
709 3300 763 3344 666
786 3299 849 3345 6666
877 3279 1074 3364 Benjamiuis,
1096 3277 1176 3363 Josh.
1194 3277 1279 3344 xviii.
1294 3283 1346 3344 28.
1433 3291 1435 3314 ³

65 3416 68 3439 .
175 3361 363 3438 Recensetut
378 3364 471 3430 eriam
487 3363 566 3428 inter
582 3363 668 3429 urbes
681 3300 877 3460 deojaminin
890 3365 960 3448 Jud·
974 3366 992 3430 i.
1006 3385 1059 3434 21.
1082 3365 1259 3450 benjamitis
1272 3385 1348 3430 vero

175 3457 252 3522 virio
271 3449 412 3524 vertitur,
435 3453 515 3534 quod
532 3470 591 3514 non
608 3467 784 3534 occuparint
802 3453 921 3530 urbem,
942 3470 975 3518 66
991 3450 1161 3534 expulerint
1176 3451 1349 3538 jebusaeos.

175 3543 277 3610 David
296 3557 371 3602 vero
388 3535 569 3620 adjudicavit
586 3536 663 3600 hanc
680 3534 780 3600 urbem
799 3537 894 3622 Iudae
911 3559 964 3621 pro
981 3535 1172 3616 audomare,
1194 3557 1263 3602 cum
1280 3559 1349 3604 eam
1376 3551 1380 3558 “

178 3621 385 3712 6χὶ66666666
428 3619 604 3686 fabulosum
632 3621 725 3708 igitur
748 3621 867 3689 videtur
890 3621 963 3689 illud
987 3625 1062 3708 apud
1079 3621 1232 3686 Rahbinoi
1247 3639 1279 3685 et
1297 3625 1349 3688 Cl.

176 3711 405 3788 Lislitsoritum.
429 3707 543 3772 hancce
562 3709 663 3772 urbem
679 3707 710 3772 in
729 3708 799 3774 duas
814 3728 911 3793 partes
925 3707 1049 3775 divisam
1067 3706 1157 3787 suisli,
1175 3723 1350 3792 partemque

177 3825 267 3872 unani
284 3798 319 3861 ad
337 3791 556 3877 Benjainsneru,
573 3794 697 3859 alteram
716 3795 752 3858 ad
766 3791 889 3877 Judam,
905 3787 1073 3881 pertinuisse
1089 3819 1098 3870 3
1115 3791 1156 3858 66
1170 3790 1261 3856 eriam
1277 3810 1353 3860 tem·

175 3893 260 3978 plinii
279 3873 405 3950 divisum
424 3877 514 3944 suisse.
557 3880 624 3947 Vid.
644 3879 777 3968 Vitriug.
796 3883 832 3950 66
848 3883 949 3948 Τ6666
963 3878 1148 3957 Caiiaahaea,
1170 3897 1200 3962 p·
1217 3899 1287 3942 roi.
1421 3914 1425 3923 ·

223 3993 265 4076 (i)
289 3995 356 4052 Vox
369 3991 468 4081 ηΒΠ,
485 3985 672 4052 ereciioneiii
689 4004 720 4052 et
735 3985 952 4074 expansionem
970 3980 1097 4079 thalami
1109 3977 1249 4078 coelestis
1265 3977 1350 4078 super
1419 4007 1420 4010 ¹

143 4071 439 4155 ‘'illierosolyiuain,
463 4093 516 4156 per
540 4071 791 4138 inhabitationem
819 4075 902 4138 illarii
928 4067 1090 4153 majeslatrs
1111 4065 1251 4133 coelestis
1273 4085 1351 4132 inter

179 4166 240 4228 alai
258 4158 504 4235 ‹herubinorum
530 4175 626 4223 norat.
672 4159 727 4223 Ille
746 4161 895 4224 thalamus
913 4151 1074 4238 respicitur
1091 4151 1152 4252 Jes.
1169 4153 1209 4219 iv.
1227 4169 1256 4232 5.
1281 4171 1352 4218 cuni

180 4249 302 4324 dicitnr,
325 4251 347 4284 ‘⁶
372 4248 466 4324 Super
482 4242 680 4328 omnigloria
696 4245 760 4309 sore
785 4251 870 4318 ΠΒΠ
893 4261 953 4308 non
970 4240 1148 4328 iimphtnei·
1165 4239 1270 4312 domus
1284 4257 1352 4324 pto·

181 4347 202 4380 ‘⁴
226 4327 373 4398 iectionis.
397 4326 445 4392 sed
462 4329 608 4480 expansio
626 4329 752 4397 thalami
767 4329 861 4399 divini
876 4349 946 4398 cum
962 4329 1050 4398 omui
1064 4326 1112 4394 sua
1126 4325 1227 4416 gratia
1240 4342 1271 4396 et
1287 4319 1351 4411 pul·

176 4428 202 4464 “
226 4413 397 4483 chrirudine
414 4415 499 4480 cocle
527 4413 570 4478 i.”
