2924 4832
165 195 226 318 n
368 221 1122 324 tauronto

174 421 405 519 Primariad
420 457 577 534 vocum
600 437 931 548 fignificationes
965 443 1194 554 praecipue
1213 455 1322 528 enti·

172 557 323 650 oleam,
358 556 521 640 summ&
553 561 756 658 industrii
787 567 1114 662 elaboravimus,
1146 591 1187 648 et
1210 573 1319 676 quo'·

172 683 305 766 modo
329 679 448 762 varia
466 688 762 792 metaphorica
783 689 1032 796 pullulirint
1058 714 1103 770 ut
1122 691 1318 770 ostende·

172 829 331 896 remus,
358 829 530 908 operam
556 809 1048 918 dedimus-Quantum
1073 813 1116 894 in
1136 816 1215 893 hoc
1234 811 1319 893 dif-

171 926 275 1012 ficili
289 926 427 1008 studio
442 927 765 1037 profecerimus,
783 935 861 1013 viri
874 936 985 1016 docti
998 937 1257 1045 judicabunt
1269 933 1312 1014 ἦ

233 1049 427 1155 Linguae
447 1052 672 1134 orientales
704 1057 1055 1165 compositionem
1081 1059 1313 1138 verborum

167 1185 272 1253 eum
291 1173 672 1282 praepositionibus
690 1176 917 1286 ignorant3
938 1183 1058 1288 cujus
1077 1207 1172 1276 vera
1191 1181 1314 1262 causa

171 1295 345 1408 videtur
366 1293 459 1388 elle,
495 1319 542 1380 ut
576 1298 817 1408 simplicitas
849 1324 891 1381 et
921 1303 1116 1408 arralogla
1139 1305 1313 1408 linguae

171 1418 325 1500 melius
345 1417 632 1502 conservetur.
704 1425 895 1504 Utuntur
917 1448 1059 1504 tamen
1084 1423 1313 1505 orientales

171 1539 558 1652 praepositionibus
576 1571 673 1626 cum
692 1547 843 1639 verbis,
864 1543 934 1633 sed
955 1548 1175 1652 separatim
1195 1575 1315 1656 prae·
1339 1547 1345 1578 ¹

126 1723 129 1728 -
172 1664 296 1748 miffis
318 1663 382 1746 vel
405 1663 609 1773 adjedli83
640 1689 683 1746 et
714 1668 814 1748 hinc
846 1670 1061 1776 genuinus
1095 1671 1189 1750 fons
1221 1671 1314 1777 plu·

172 1788 287 1870 rium
320 1787 530 1870 variarum
564 1787 936 1898 significationum,
976 1821 1083 1898 quae
1117 1794 1313 1901 plurimis

173 1911 319 1992 uerbis
340 1909 492 1992 subesse
516 1912 731 2010 videntur,
766 1915 823 1996 ita
847 1936 893 1994 ut
920 1916 1070 1994 eadem
1093 1939 1174 1994 vox
1199 1917 1313 1997 varia

1 2085 3 2094 ‚
65 2087 69 2093 -
123 2028 127 2034 ’
172 2031 411 2140 significare
440 2035 635 2117 videatur
660 2070 684 2130 ς,
712 2065 847 2144 quum
885 2035 1043 2132 revera,
1087 2037 1314 2147 srpropria
1422 2069 1434 2078 ·

173 2155 426 2262 fignificatio
447 2166 688 2266 examinata
712 2149 856 2257 sudrit,
889 2160 1191 2241 convenientia
1213 2187 1312 2242 cum

173 2273 377 2388 primarii
398 2275 598 2360 facillime
620 2283 796 2388 patebit.

238 2401 287 2483 In
312 2400 421 2484 hisce
445 2404 653 2508 primariis
686 2403 1062 2512 significationibus
1084 2405 1313 2486 enuclean-

175 2525 256 2624 dis,
291 2510 392 2606 non¹
414 2547 583 2628 tantum
613 2527 705 2608 loca
738 2528 934 2638 parallelo
963 2528 1035 2606 ubi
1058 2529 1204 2608 eadem
1229 2553 1312 2610 vox

1042 2655 1310 2750 occurrebat,

213 2813 235 2854 θ
256 2811 374 2871 Multos
395 2810 606 2887 Hebraismoa,
637 2827 671 2874 et
686 2814 720 2875 in
735 2813 861 2894 fingulis
875 2813 989 2889 verbis,
1012 2813 1093 2874 etin
1109 2812 1254 2872 formulis
1269 2813 1315 2872 lo¹-

172 2892 302 2972 quendi,
319 2891 526 2962 retinuimus;
551 2908 618 2953 tum
633 2898 707 2974 quia
722 2898 755 2956 in
768 2895 1094 2974 quibusclammaxima
1108 2893 1145 2954 stt
1155 2893 1314 2971 emplrasts,

172 2995 253 3054 quae
262 2969 350 3032 nullo
360 2973 421 3032 alio
428 2970 583 3034 idiomate
594 2975 683 3054 poffit
694 2978 766 3037 satis
777 2973 934 3038 commod&
943 2977 1110 3056 explican'a
1129 2989 1195 3035 tum
1206 2976 1314 3046 etiam,

173 3055 321 3136 quoniam
341 3053 398 3134 ipsi
414 3055 553 3133 Apostoli
574 3059 690 3116 Graec&
707 3059 885 3134 scribentes,
908 3072 942 3117 et
956 3057 1118 3118 dodiffmri
1134 3056 1247 3135 quique
1263 3077 1314 3116 eos

172 3155 244 3202 rum
269 3137 468 3214 interpreter,
500 3137 551 3212 iia,
572 3153 719 3218 tanquam
746 3141 875 3220 gemmis
901 3137 1093 3219 quibusdam,
1123 3138 1239 3215 scripta
1263 3141 1316 3202 sua

173 3219 376 3279 exomirunt.
418 3217 577 3300 Quaedam
594 3221 764 3281 sententiae
781 3239 845 3280 non
860 3221 984 3301 poll'unt
1003 3221 1036 3280 in
1053 3221 1146 3280 aliam
1162 3219 1313 3300 linguam,

172 3301 244 3379 pari
266 3320 334 3358 cum
356 3301 470 3380 gratia,
491 3301 662 3375 venustate,
688 3303 854 3384 elegantis,
881 3303 924 3377 vi,
946 3303 1117 3380 majestate,
1139 3301 1312 3378 splendore,

173 3381 353 3464 trarrsfesri.
384 3385 407 3418 “
428 3381 476 3442 Sic
488 3385 606 3457 censeo,
626 3385 783 3466 (inquitJ.
795 3387 906 3444 Caesar
917 3385 1063 3466 Scaliger,
1080 3382 1210 3458 exercit.
1226 3383 1311 3463 294.)

172 3469 208 3502 “'
218 3465 342 3524 Venere
356 3464 486 3541 proptio
502 3463 644 3543 qualique
660 3465 767 3524 nativo
782 3468 926 3544 cujusque
940 3465 1067 3546 linguae
1083 3463 1194 3524 decore
1214 3465 1316 3528 foveri

173 3547 199 3586 ὅ(
219 3545 388 3604 sententias
400 3543 556 3622 quasdam,
573 3545 773 3626 subnixasque
784 3548 890 3621 certis,
907 3559 944 3605 ut
958 3545 1005 3604 ita
1021 3545 1133 3621 dicam,
1151 3541 1318 3606 idiotismis

173 3631 198 3693 ‘.‘
218 3625 349 3684 fulturis
358 3625 509 3707 sustineri,
526 3647 600 3706 quaa
611 3627 644 3686 iu
657 3628 750 3688 aliam
763 3627 846 3708 quast
857 3628 1011 3704 coloniam
1028 3625 1203 3702 fideducas,
1220 3627 1315 3689 iidem

173 3709 199 3746 ‘⁸
218 3705 289 3766 saule
303 3705 375 3766 sunt
389 3705 482 3780 cives,
503 3707 554 3768 sed
573 3709 709 3792 giutiarn
731 3710 880 3788 pristinae
896 3706 1174 3770 commendationis
1189 3727 1253 3766 non
1268 3729 1315 3769 re·

173 3793 199 3828 ‘⁴
219 3787 378 3848 tinebunt.
419 3791 498 3849 Sunt
519 3791 680 3874 pigmenta
695 3791 845 3872 quaedam
862 3791 1047 3870 Hispanicae
1063 3790 1217 3871 argutiae,
1238 3791 1319 3859 Tus«

173 3875 197 3909 “
218 3889 272 3930 cae
292 3870 501 3949 eloquentiae,
523 3865 816 3948 Gallicae'veneris,
843 3873 1025 3948 Germanici
1045 3873 1178 3952 impetus
1190 3897 1200 3938 ς
1223 3888 1313 3948 quae,

171 3951 198 3991 θ’
217 3950 240 4011 st
260 3972 330 4012 cum
352 3951 468 4011 exteris
488 3967 731 4031 commutentur,
752 3956 854 4016 sensus
874 3953 996 4034 quidem
1019 3967 1137 4028 manet,
1158 3953 1314 4013 flexusta·

171 4037 290 4093 “men
314 4036 573 4115 commensusque,
610 4037 659 4096 vel
683 4039 847 4097 verborum
876 4037 927 4094 vel
953 4053 1165 4106 numerorum,-
1196 4033 1317 4096 amittit

171 4119 196 4152 “
216 4135 236 4172 v
294 4127 360 4176 tum
377 4115 513 4176 nitorem
527 4117 633 4190 illum,
649 4118 797 4200 illamque
812 4117 890 4192 lucia
900 4117 1103 4198 elegantiam,
1119 4115 1230 4195 quibus
1241 4115 1315 4176 erni·

171 4193 197 4233 “
217 4135 335 4255 ηἰΐὲῃτ
359 4199 393 4256 in
419 4197 546 4257 aru-ibus
570 4197 802 4282 indigenarum.
853 4205 915 4274 lta,
941 4199 1076 4278 exempli
1101 4195 1215 4280 gratis,
1240 4199 1317 4261 haec

171 4280 197 4334 ‘.‘
218 4277 369 4339 Hebraied
384 4279 539 4354 sonantia,
565 4280 665 4340 bonum
680 4285 712 4340 in
729 4283 827 4359 oculis,
849 4287 880 4342 in
902 4303 947 4340 ore
962 4281 1069 4362 gladii,
1091 4299 1179 4339 cornu
1192 4279 1316 4359 gloriae,

172 4361 196 4396 “
218 4379 305 4418 cornu
320 4359 580 4436 salutis,'oerbum
596 4363 715 4422 Domini
731 4379 870 4442 apponere
887 4363 927 4422 ad
940 4384 988 4423 cur
995 4363 1095 4442 strum,
1118 4355 1166 4421 sor
1179 4374 1317 4444 apponere
1441 4405 1443 4413 ·

169 4439 195 4477 s‘
214 4441 255 4498 ad
273 4437 402 4515 divitias,
434 4439 675 4521 fignificantiora
695 4443 777 4519 sunt,
800 4466 892 4523 quam
917 4459 956 4510 ut
979 4444 1113 4511 aliatum
1136 4439 1313 4529 lingum

168 4523 195 4603 ξ(
215 4520 386 4594 idiotismis
395 4541 435 4587 ex
449 4541 549 4606 aequo
563 4526 639 4592 satia
654 4525 899 4614 respondente]
