<?xml version="1.0" encoding="UTF-8"?>
<!DOCTYPE html PUBLIC "-//W3C//DTD XHTML 1.0 Transitional//EN"
    "http://www.w3.org/TR/xhtml1/DTD/xhtml1-transitional.dtd">
<html xmlns="http://www.w3.org/1999/xhtml" xml:lang="en" lang="en">
 <head>
  <title>
</title>
<meta http-equiv="Content-Type" content="text/html;charset=utf-8" />
  <meta name='ocr-system' content='tesseract 3.04.00' />
  <meta name='ocr-capabilities' content='ocr_page ocr_carea ocr_par ocr_line ocrx_word'/>
</head>
<body>
  <div class='ocr_page' id='page_1' title='image "./clavispentateuc00robegoog_0148.png"; bbox 0 0 2908 4832; ppageno 0'>
   <div class='ocr_carea' id='block_1_1' title="bbox 208 175 1019 342">
    <p class='ocr_par' dir='ltr' id='par_1_1' title="bbox 208 175 1019 342">
     <span class='ocr_line' id='line_1_1' title="bbox 208 175 1019 342; baseline -0.022 -36"><span class='ocrx_word' id='word_1_1' title='bbox 208 240 264 324; x_wconf 81' lang='lat'>34</span> <span class='ocrx_word' id='word_1_2' title='bbox 353 203 360 216; x_wconf 46' lang='lat'><strong>⁹</strong></span> <span class='ocrx_word' id='word_1_3' title='bbox 508 210 570 292; x_wconf 86' lang='lat' dir='ltr'>De</span> <span class='ocrx_word' id='word_1_4' title='bbox 592 209 759 342; x_wconf 65' lang='lat' dir='ltr'>(Jenuina</span> <span class='ocrx_word' id='word_1_5' title='bbox 779 175 1019 314; x_wconf 71' lang='lat' dir='ltr'>Antiquitate</span> 
     </span>
    </p>
   </div>
   <div class='ocr_carea' id='block_1_2' title="bbox 7 409 1446 3682">
    <p class='ocr_par' dir='ltr' id='par_1_2' title="bbox 204 409 1345 528">
     <span class='ocr_line' id='line_1_2' title="bbox 204 409 1345 528; baseline -0.005 -26"><span class='ocrx_word' id='word_1_6' title='bbox 204 419 278 502; x_wconf 83' lang='lat' dir='ltr'>riis</span> <span class='ocrx_word' id='word_1_7' title='bbox 301 413 483 528; x_wconf 79' lang='lat' dir='ltr'>punl‘lis,</span> <span class='ocrx_word' id='word_1_8' title='bbox 507 412 651 507; x_wconf 75' lang='lat' dir='ltr'>Pbatb,</span> <span class='ocrx_word' id='word_1_9' title='bbox 672 409 813 508; x_wconf 72' lang='lat' dir='ltr'>Kesrb,</span> <span class='ocrx_word' id='word_1_10' title='bbox 842 410 1071 507; x_wconf 71' lang='lat' dir='ltr'>Dhammi,</span> <span class='ocrx_word' id='word_1_11' title='bbox 1102 413 1281 524; x_wconf 22' lang='lat' dir='ltr'>vocales&#39;</span> <span class='ocrx_word' id='word_1_12' title='bbox 1303 444 1345 514; x_wconf 86' lang='lat' dir='ltr'>a,</span> 
     </span>
    </p>

    <p class='ocr_par' dir='ltr' id='par_1_3' title="bbox 105 533 1342 644">
     <span class='ocr_line' id='line_1_3' title="bbox 105 533 1342 644; baseline 0.005 -34"><span class='ocrx_word' id='word_1_13' title='bbox 105 605 108 610; x_wconf 90' lang='lat'>.</span> <span class='ocrx_word' id='word_1_14' title='bbox 207 572 238 640; x_wconf 78' lang='lat' dir='ltr'>e,</span> <span class='ocrx_word' id='word_1_15' title='bbox 258 547 286 639; x_wconf 83' lang='lat' dir='ltr'>i,</span> <span class='ocrx_word' id='word_1_16' title='bbox 306 573 340 636; x_wconf 85' lang='grc' dir='ltr'>ο,</span> <span class='ocrx_word' id='word_1_17' title='bbox 362 570 403 635; x_wconf 86' lang='lat' dir='ltr'>u,</span> <span class='ocrx_word' id='word_1_18' title='bbox 427 533 761 644; x_wconf 53' lang='lat' dir='ltr'>designantibus„</span> <span class='ocrx_word' id='word_1_19' title='bbox 781 533 1088 642; x_wconf 81' lang='lat' dir='ltr'>infigniuntur,</span> <span class='ocrx_word' id='word_1_20' title='bbox 1104 539 1220 644; x_wconf 89' lang='lat' dir='ltr'>quod</span> <span class='ocrx_word' id='word_1_21' title='bbox 1243 540 1342 618; x_wconf 90' lang='lat' dir='ltr'>nul-</span> 
     </span>
    </p>

    <p class='ocr_par' dir='ltr' id='par_1_4' title="bbox 7 647 1420 2104">
     <span class='ocr_line' id='line_1_4' title="bbox 208 647 1346 764; baseline -0.004 -18"><span class='ocrx_word' id='word_1_22' title='bbox 208 665 250 746; x_wconf 92' lang='lat' dir='ltr'>lo</span> <span class='ocrx_word' id='word_1_23' title='bbox 273 664 402 744; x_wconf 92' lang='lat' dir='ltr'>modo</span> <span class='ocrx_word' id='word_1_24' title='bbox 425 647 514 742; x_wconf 82' lang='lat' dir='ltr'>sieri</span> <span class='ocrx_word' id='word_1_25' title='bbox 534 661 688 764; x_wconf 86' lang='lat' dir='ltr'>potuit,</span> <span class='ocrx_word' id='word_1_26' title='bbox 733 655 763 736; x_wconf 84' lang='lat' dir='ltr'>st</span> <span class='ocrx_word' id='word_1_27' title='bbox 787 683 932 736; x_wconf 88' lang='lat' dir='ltr'>revera</span> <span class='ocrx_word' id='word_1_28' title='bbox 954 654 1083 736; x_wconf 84' lang='lat' dir='ltr'>esseut</span> <span class='ocrx_word' id='word_1_29' title='bbox 1105 658 1269 738; x_wconf 87' lang='lat' dir='ltr'>vocales</span> <span class='ocrx_word' id='word_1_30' title='bbox 1297 661 1346 742; x_wconf 90' lang='lat' dir='ltr'>in</span> 
     </span>
     <span class='ocr_line' id='line_1_5' title="bbox 142 765 1347 892; baseline -0.002 -24"><span class='ocrx_word' id='word_1_31' title='bbox 142 851 155 892; x_wconf 80' lang='lat'>·,</span> <span class='ocrx_word' id='word_1_32' title='bbox 206 768 357 892; x_wconf 70' lang='lat' dir='ltr'>lingui</span> <span class='ocrx_word' id='word_1_33' title='bbox 373 780 570 866; x_wconf 70' lang='lat' dir='ltr'>Arabici.</span> <span class='ocrx_word' id='word_1_34' title='bbox 637 780 678 860; x_wconf 88' lang='lat' dir='ltr'>Si</span> <span class='ocrx_word' id='word_1_35' title='bbox 700 807 798 858; x_wconf 86' lang='lat' dir='ltr'>vero</span> <span class='ocrx_word' id='word_1_36' title='bbox 826 777 904 858; x_wconf 88' lang='lat' dir='ltr'>hae</span> <span class='ocrx_word' id='word_1_37' title='bbox 936 779 1081 860; x_wconf 88' lang='lat' dir='ltr'>literae</span> <span class='ocrx_word' id='word_1_38' title='bbox 1104 765 1191 866; x_wconf 70' lang='lat' dir='ltr'>buu</span> <span class='ocrx_word' id='word_1_39' title='bbox 1213 779 1347 864; x_wconf 84' lang='lat' dir='ltr'>essent</span> 
     </span>
     <span class='ocr_line' id='line_1_6' title="bbox 199 898 1348 1010; baseline -0.005 -18"><span class='ocrx_word' id='word_1_40' title='bbox 199 899 352 992; x_wconf 73' lang='lat' dir='ltr'>¹r&#39;everlt</span> <span class='ocrx_word' id='word_1_41' title='bbox 374 905 553 1004; x_wconf 81' lang='lat' dir='ltr'>vocales,</span> <span class='ocrx_word' id='word_1_42' title='bbox 589 903 653 982; x_wconf 87' lang='lat' dir='ltr'>vel</span> <span class='ocrx_word' id='word_1_43' title='bbox 677 902 773 981; x_wconf 88' lang='lat' dir='ltr'>talia</span> <span class='ocrx_word' id='word_1_44' title='bbox 796 899 976 982; x_wconf 76' lang='lat' dir='ltr'>subsidia</span> <span class='ocrx_word' id='word_1_45' title='bbox 990 903 1041 982; x_wconf 88' lang='lat' dir='ltr'>in</span> <span class='ocrx_word' id='word_1_46' title='bbox 1066 898 1214 1010; x_wconf 66' lang='lat' dir='ltr'>lingui</span> <span class='ocrx_word' id='word_1_47' title='bbox 1239 910 1348 988; x_wconf 88' lang='lat' dir='ltr'>Ara-</span> 
     </span>
     <span class='ocr_line' id='line_1_7' title="bbox 207 1023 1345 1133; baseline -0.004 -21"><span class='ocrx_word' id='word_1_48' title='bbox 207 1029 302 1112; x_wconf 73' lang='lat' dir='ltr'>bict</span> <span class='ocrx_word' id='word_1_49' title='bbox 318 1053 361 1110; x_wconf 89' lang='lat' dir='ltr'>et</span> <span class='ocrx_word' id='word_1_50' title='bbox 382 1025 588 1118; x_wconf 76' lang='lat' dir='ltr'>Hebraea,</span> <span class='ocrx_word' id='word_1_51' title='bbox 614 1025 750 1133; x_wconf 84' lang='lat' dir='ltr'>qualia</span> <span class='ocrx_word' id='word_1_52' title='bbox 769 1023 944 1129; x_wconf 88' lang='lat' dir='ltr'>quidem</span> <span class='ocrx_word' id='word_1_53' title='bbox 968 1026 1049 1106; x_wconf 86' lang='lat' dir='ltr'>viri</span> <span class='ocrx_word' id='word_1_54' title='bbox 1067 1026 1179 1106; x_wconf 73' lang='lat' dir='ltr'>docli</span> <span class='ocrx_word' id='word_1_55' title='bbox 1197 1055 1264 1114; x_wconf 83' lang='lat' dir='ltr'>cas</span> <span class='ocrx_word' id='word_1_56' title='bbox 1283 1030 1345 1108; x_wconf 90' lang='lat' dir='ltr'>es·</span> 
     </span>
     <span class='ocr_line' id='line_1_8' title="bbox 207 1145 1342 1254; baseline -0.003 -21"><span class='ocrx_word' id='word_1_57' title='bbox 207 1155 246 1234; x_wconf 90' lang='lat' dir='ltr'>se</span> <span class='ocrx_word' id='word_1_58' title='bbox 269 1151 560 1244; x_wconf 86' lang='lat' dir='ltr'>contendunt,</span> <span class='ocrx_word' id='word_1_59' title='bbox 573 1146 664 1227; x_wconf 83' lang='lat' dir='ltr'>stne</span> <span class='ocrx_word' id='word_1_60' title='bbox 682 1147 816 1225; x_wconf 91' lang='lat' dir='ltr'>dubio</span> <span class='ocrx_word' id='word_1_61' title='bbox 835 1148 996 1224; x_wconf 90' lang='lat' dir='ltr'>debent</span> <span class='ocrx_word' id='word_1_62' title='bbox 1017 1145 1094 1228; x_wconf 88' lang='lat' dir='ltr'>else</span> <span class='ocrx_word' id='word_1_63' title='bbox 1111 1149 1272 1254; x_wconf 86' lang='lat' dir='ltr'>ubique</span> <span class='ocrx_word' id='word_1_64' title='bbox 1291 1177 1342 1230; x_wconf 88' lang='lat' dir='ltr'>u·</span> 
     </span>
     <span class='ocr_line' id='line_1_9' title="bbox 206 1267 1343 1380; baseline -0.005 -22"><span class='ocrx_word' id='word_1_65' title='bbox 206 1275 445 1369; x_wconf 82' lang='lat' dir='ltr'>niversalia,</span> <span class='ocrx_word' id='word_1_66' title='bbox 458 1271 576 1380; x_wconf 90' lang='lat' dir='ltr'>quod</span> <span class='ocrx_word' id='word_1_67' title='bbox 595 1269 737 1350; x_wconf 83' lang='lat' dir='ltr'>nullu&#39;s</span> <span class='ocrx_word' id='word_1_68' title='bbox 757 1267 822 1347; x_wconf 92' lang='lat' dir='ltr'>vir</span> <span class='ocrx_word' id='word_1_69' title='bbox 842 1268 991 1348; x_wconf 69' lang='lat' dir='ltr'>dodlus</span> <span class='ocrx_word' id='word_1_70' title='bbox 1008 1271 1061 1349; x_wconf 87' lang='lat' dir='ltr'>de</span> <span class='ocrx_word' id='word_1_71' title='bbox 1080 1269 1188 1351; x_wconf 88' lang='lat' dir='ltr'>bisce</span> <span class='ocrx_word' id='word_1_72' title='bbox 1208 1273 1343 1352; x_wconf 89' lang='lat' dir='ltr'>literis</span> 
     </span>
     <span class='ocr_line' id='line_1_10' title="bbox 208 1385 1350 1502; baseline -0.004 -22"><span class='ocrx_word' id='word_1_73' title='bbox 208 1397 434 1489; x_wconf 86' lang='lat' dir='ltr'>affirmare,</span> <span class='ocrx_word' id='word_1_74' title='bbox 480 1385 625 1474; x_wconf 89' lang='lat' dir='ltr'>saltem</span> <span class='ocrx_word' id='word_1_75' title='bbox 651 1392 831 1500; x_wconf 82' lang='lat' dir='ltr'>probare</span> <span class='ocrx_word' id='word_1_76' title='bbox 849 1389 1000 1500; x_wconf 66' lang='lat' dir='ltr'>pollit,</span> <span class='ocrx_word' id='word_1_77' title='bbox 1040 1415 1089 1502; x_wconf 29' lang='lat' dir='ltr'>„et</span> <span class='ocrx_word' id='word_1_78' title='bbox 1111 1396 1230 1501; x_wconf 91' lang='lat' dir='ltr'>quod</span> <span class='ocrx_word' id='word_1_79' title='bbox 1260 1395 1350 1502; x_wconf 87' lang='lat' dir='ltr'>ipse</span> 
     </span>
     <span class='ocr_line' id='line_1_11' title="bbox 208 1507 1372 1628; baseline -0.003 -27"><span class='ocrx_word' id='word_1_80' title='bbox 208 1507 403 1628; x_wconf 65' lang='lat' dir='ltr'>Capellus</span> <span class='ocrx_word' id='word_1_81' title='bbox 422 1516 572 1596; x_wconf 90' lang='lat' dir='ltr'>dicere·</span> <span class='ocrx_word' id='word_1_82' title='bbox 586 1543 673 1596; x_wconf 88' lang='lat' dir='ltr'>nou</span> <span class='ocrx_word' id='word_1_83' title='bbox 695 1511 816 1594; x_wconf 86' lang='lat' dir='ltr'>ausus</span> <span class='ocrx_word' id='word_1_84' title='bbox 842 1514 930 1604; x_wconf 87' lang='lat' dir='ltr'>est;</span> <span class='ocrx_word' id='word_1_85' title='bbox 975 1542 1072 1594; x_wconf 90' lang='lat' dir='ltr'>nam</span> <span class='ocrx_word' id='word_1_86' title='bbox 1097 1515 1175 1596; x_wconf 88' lang='lat' dir='ltr'>hae</span> <span class='ocrx_word' id='word_1_87' title='bbox 1197 1515 1346 1598; x_wconf 87' lang='lat' dir='ltr'>literae</span> <span class='ocrx_word' id='word_1_88' title='bbox 1369 1509 1372 1514; x_wconf 16' lang='grc' dir='ltr'><strong>Δ</strong></span> 
     </span>
     <span class='ocr_line' id='line_1_12' title="bbox 7 1631 1341 1752; baseline -0.004 -27"><span class='ocrx_word' id='word_1_89' title='bbox 7 1643 11 1664; x_wconf 82' lang='lat'>&#39;</span> <span class='ocrx_word' id='word_1_90' title='bbox 107 1658 113 1666; x_wconf 84' lang='grc'><em>“</em></span> <span class='ocrx_word' id='word_1_91' title='bbox 208 1641 426 1752; x_wconf 84' lang='lat' dir='ltr'>quandam</span> <span class='ocrx_word' id='word_1_92' title='bbox 465 1631 629 1720; x_wconf 80' lang='lat' dir='ltr'>tautirm</span> <span class='ocrx_word' id='word_1_93' title='bbox 676 1635 846 1744; x_wconf 80' lang='lat' dir='ltr'>liuguae</span> <span class='ocrx_word' id='word_1_94' title='bbox 886 1657 1049 1742; x_wconf 86' lang='lat' dir='ltr'>partem</span> <span class='ocrx_word' id='word_1_95' title='bbox 1099 1640 1341 1745; x_wconf 82' lang='lat' dir='ltr'>attingunt.</span> 
     </span>
     <span class='ocr_line' id='line_1_13' title="bbox 210 1755 1366 1877; baseline -0.004 -28"><span class='ocrx_word' id='word_1_96' title='bbox 210 1766 400 1849; x_wconf 79' lang='lat' dir='ltr'>Subsrdia</span> <span class='ocrx_word' id='word_1_97' title='bbox 421 1761 536 1842; x_wconf 90' lang='lat' dir='ltr'>enim</span> <span class='ocrx_word' id='word_1_98' title='bbox 560 1762 778 1868; x_wconf 87' lang='lat' dir='ltr'>quaejure</span> <span class='ocrx_word' id='word_1_99' title='bbox 807 1779 963 1864; x_wconf 84' lang='lat' dir='ltr'>matres</span> <span class='ocrx_word' id='word_1_100' title='bbox 989 1759 1180 1841; x_wconf 69' lang='lat' dir='ltr'>lectionis</span> <span class='ocrx_word' id='word_1_101' title='bbox 1203 1755 1366 1877; x_wconf 24' lang='lat' dir='ltr'>appel-&#39;¹</span> 
     </span>
     <span class='ocr_line' id='line_1_14' title="bbox 149 1879 1420 1992; baseline -0.006 -19"><span class='ocrx_word' id='word_1_102' title='bbox 149 1950 151 1961; x_wconf 84' lang='lat'>.</span> <span class='ocrx_word' id='word_1_103' title='bbox 207 1891 286 1974; x_wconf 91' lang='lat' dir='ltr'>lari</span> <span class='ocrx_word' id='word_1_104' title='bbox 315 1908 549 1979; x_wconf 88' lang='lat' dir='ltr'>merentur,</span> <span class='ocrx_word' id='word_1_105' title='bbox 572 1884 614 1963; x_wconf 86' lang='lat' dir='ltr'>iu</span> <span class='ocrx_word' id='word_1_106' title='bbox 647 1885 846 1962; x_wconf 87' lang='lat' dir='ltr'>omnibus</span> <span class='ocrx_word' id='word_1_107' title='bbox 877 1880 1204 1992; x_wconf 84' lang='lat' dir='ltr'>quibuscunque</span> <span class='ocrx_word' id='word_1_108' title='bbox 1234 1887 1350 1966; x_wconf 81' lang='lat' dir='ltr'>voci·</span> <span class='ocrx_word' id='word_1_109' title='bbox 1414 1879 1420 1884; x_wconf 60' lang='grc'><em>’</em></span> 
     </span>
     <span class='ocr_line' id='line_1_15' title="bbox 209 2003 1345 2104; baseline -0.008 -9"><span class='ocrx_word' id='word_1_110' title='bbox 209 2016 289 2096; x_wconf 91' lang='lat' dir='ltr'>bus</span> <span class='ocrx_word' id='word_1_111' title='bbox 311 2007 560 2093; x_wconf 82' lang='lat' dir='ltr'>universalia</span> <span class='ocrx_word' id='word_1_112' title='bbox 581 2003 659 2084; x_wconf 89' lang='lat' dir='ltr'>esse</span> <span class='ocrx_word' id='word_1_113' title='bbox 690 2003 880 2096; x_wconf 89' lang='lat' dir='ltr'>debeut;</span> <span class='ocrx_word' id='word_1_114' title='bbox 925 2006 1120 2085; x_wconf 89' lang='lat' dir='ltr'>noudum</span> <span class='ocrx_word' id='word_1_115' title='bbox 1153 2033 1254 2087; x_wconf 88' lang='lat' dir='ltr'>vero</span> <span class='ocrx_word' id='word_1_116' title='bbox 1278 2035 1345 2104; x_wconf 88' lang='lat' dir='ltr'>ea,</span> 
     </span>
    </p>

    <p class='ocr_par' dir='ltr' id='par_1_5' title="bbox 96 2123 1350 2489">
     <span class='ocr_line' id='line_1_16' title="bbox 96 2123 1347 2248; baseline -0.008 -29"><span class='ocrx_word' id='word_1_117' title='bbox 96 2237 100 2248; x_wconf 94' lang='lat'>.</span> <span class='ocrx_word' id='word_1_118' title='bbox 135 2143 141 2152; x_wconf 86' lang='lat'>&#39;</span> <span class='ocrx_word' id='word_1_119' title='bbox 209 2163 316 2246; x_wconf 88' lang='lat' dir='ltr'>quae</span> <span class='ocrx_word' id='word_1_120' title='bbox 338 2131 556 2241; x_wconf 90' lang='lat' dir='ltr'>quandam</span> <span class='ocrx_word' id='word_1_121' title='bbox 575 2126 896 2236; x_wconf 87' lang='lat' dir='ltr'>portiunculam</span> <span class='ocrx_word' id='word_1_122' title='bbox 914 2125 1086 2234; x_wconf 88' lang='lat' dir='ltr'>liuguae</span> <span class='ocrx_word' id='word_1_123' title='bbox 1105 2123 1347 2234; x_wconf 81' lang='lat' dir='ltr'>attingunt.</span> 
     </span>
     <span class='ocr_line' id='line_1_17' title="bbox 184 2247 1349 2364; baseline 0 -32"><span class='ocrx_word' id='word_1_124' title='bbox 184 2260 406 2364; x_wconf 85' lang='lat' dir='ltr'>.Negatur</span> <span class='ocrx_word' id='word_1_125' title='bbox 434 2253 565 2342; x_wconf 89' lang='lat' dir='ltr'>enim,</span> <span class='ocrx_word' id='word_1_126' title='bbox 596 2250 744 2358; x_wconf 90' lang='lat' dir='ltr'>judice</span> <span class='ocrx_word' id='word_1_127' title='bbox 782 2247 1172 2346; x_wconf 84' lang='lat' dir='ltr'>Schultens10,illas</span> <span class='ocrx_word' id='word_1_128' title='bbox 1203 2251 1349 2352; x_wconf 80' lang='lat' dir='ltr'>literas</span> 
     </span>
     <span class='ocr_line' id='line_1_18' title="bbox 196 2371 1350 2489; baseline -0.006 -29"><span class='ocrx_word' id='word_1_129' title='bbox 196 2381 268 2460; x_wconf 47' lang='lat' dir='ltr'>,uu</span> <span class='ocrx_word' id='word_1_130' title='bbox 288 2381 391 2489; x_wconf 48' lang='lat'>4⁴³⁸</span> <span class='ocrx_word' id='word_1_131' title='bbox 408 2371 589 2456; x_wconf 76' lang='lat' dir='ltr'>subsidia</span> <span class='ocrx_word' id='word_1_132' title='bbox 612 2372 679 2452; x_wconf 88' lang='lat' dir='ltr'>vel</span> <span class='ocrx_word' id='word_1_133' title='bbox 698 2372 750 2451; x_wconf 87' lang='lat' dir='ltr'>ad</span> <span class='ocrx_word' id='word_1_134' title='bbox 775 2372 1000 2465; x_wconf 85' lang='lat' dir='ltr'>decimam,</span> <span class='ocrx_word' id='word_1_135' title='bbox 1021 2372 1153 2453; x_wconf 88' lang='lat' dir='ltr'>immo</span> <span class='ocrx_word' id='word_1_136' title='bbox 1177 2399 1230 2453; x_wconf 86' lang='lat' dir='ltr'>ne</span> <span class='ocrx_word' id='word_1_137' title='bbox 1251 2371 1350 2480; x_wconf 90' lang='lat' dir='ltr'>qui·</span> 
     </span>
    </p>

    <p class='ocr_par' dir='ltr' id='par_1_6' title="bbox 99 2493 1360 2603">
     <span class='ocr_line' id='line_1_19' title="bbox 99 2493 1360 2603; baseline -0.006 -22"><span class='ocrx_word' id='word_1_138' title='bbox 99 2521 100 2526; x_wconf 69' lang='lat'>‘</span> <span class='ocrx_word' id='word_1_139' title='bbox 210 2501 308 2580; x_wconf 88' lang='lat' dir='ltr'>dem</span> <span class='ocrx_word' id='word_1_140' title='bbox 331 2496 384 2575; x_wconf 90' lang='lat' dir='ltr'>ad</span> <span class='ocrx_word' id='word_1_141' title='bbox 409 2495 681 2578; x_wconf 78' lang='lat' dir='ltr'>centesimam</span> <span class='ocrx_word' id='word_1_142' title='bbox 715 2515 876 2603; x_wconf 88' lang='lat' dir='ltr'>partem</span> <span class='ocrx_word' id='word_1_143' title='bbox 912 2493 1085 2598; x_wconf 86' lang='lat' dir='ltr'>linguae</span> <span class='ocrx_word' id='word_1_144' title='bbox 1107 2496 1360 2603; x_wconf 85' lang='lat' dir='ltr'>legendam:</span> 
     </span>
    </p>

    <p class='ocr_par' dir='ltr' id='par_1_7' title="bbox 209 2594 1446 3682">
     <span class='ocr_line' id='line_1_20' title="bbox 209 2594 1347 2714; baseline -0.004 -11"><span class='ocrx_word' id='word_1_145' title='bbox 209 2619 406 2702; x_wconf 76' lang='lat' dir='ltr'>infinitae</span> <span class='ocrx_word' id='word_1_146' title='bbox 419 2618 532 2699; x_wconf 89' lang='lat' dir='ltr'>enim</span> <span class='ocrx_word' id='word_1_147' title='bbox 548 2621 641 2698; x_wconf 89' lang='lat' dir='ltr'>sunt</span> <span class='ocrx_word' id='word_1_148' title='bbox 658 2617 817 2698; x_wconf 85' lang='lat' dir='ltr'>formae</span> <span class='ocrx_word' id='word_1_149' title='bbox 833 2616 1078 2710; x_wconf 88' lang='lat' dir='ltr'>verborum,</span> <span class='ocrx_word' id='word_1_150' title='bbox 1100 2594 1347 2714; x_wconf 62' lang='lat' dir='ltr'>nominffin,</span> 
     </span>
     <span class='ocr_line' id='line_1_21' title="bbox 210 2737 1349 2852; baseline -0.005 -27"><span class='ocrx_word' id='word_1_151' title='bbox 210 2766 253 2825; x_wconf 89' lang='lat' dir='ltr'>et</span> <span class='ocrx_word' id='word_1_152' title='bbox 275 2742 596 2852; x_wconf 87' lang='lat' dir='ltr'>particularum,</span> <span class='ocrx_word' id='word_1_153' title='bbox 628 2741 674 2821; x_wconf 92' lang='lat' dir='ltr'>in</span> <span class='ocrx_word' id='word_1_154' title='bbox 708 2739 864 2847; x_wconf 84' lang='lat' dir='ltr'>quibus</span> <span class='ocrx_word' id='word_1_155' title='bbox 888 2737 947 2816; x_wconf 89' lang='lat' dir='ltr'>nil</span> <span class='ocrx_word' id='word_1_156' title='bbox 982 2737 1065 2820; x_wconf 90' lang='lat' dir='ltr'>loci</span> <span class='ocrx_word' id='word_1_157' title='bbox 1093 2741 1202 2820; x_wconf 90' lang='lat' dir='ltr'>bisce</span> <span class='ocrx_word' id='word_1_158' title='bbox 1224 2741 1349 2822; x_wconf 85' lang='lat' dir='ltr'>relic·</span> 
     </span>
     <span class='ocr_line' id='line_1_22' title="bbox 210 2859 1346 2958; baseline -0.004 -12"><span class='ocrx_word' id='word_1_159' title='bbox 210 2885 302 2947; x_wconf 91' lang='lat' dir='ltr'>tum</span> <span class='ocrx_word' id='word_1_160' title='bbox 330 2898 341 2958; x_wconf 87' lang='lat'><strong>;</strong></span> <span class='ocrx_word' id='word_1_161' title='bbox 376 2865 453 2944; x_wconf 90' lang='lat' dir='ltr'>bae</span> <span class='ocrx_word' id='word_1_162' title='bbox 484 2863 600 2944; x_wconf 90' lang='lat' dir='ltr'>enim</span> <span class='ocrx_word' id='word_1_163' title='bbox 636 2885 788 2941; x_wconf 85' lang='lat' dir='ltr'>matres</span> <span class='ocrx_word' id='word_1_164' title='bbox 825 2859 1030 2956; x_wconf 67' lang='lat' dir='ltr'>lectionis,</span> <span class='ocrx_word' id='word_1_165' title='bbox 1066 2863 1141 2942; x_wconf 89' lang='lat' dir='ltr'>ubi</span> <span class='ocrx_word' id='word_1_166' title='bbox 1162 2863 1346 2944; x_wconf 90' lang='lat' dir='ltr'>omnino</span> 
     </span>
     <span class='ocr_line' id='line_1_23' title="bbox 210 2980 1348 3092; baseline -0.004 -24"><span class='ocrx_word' id='word_1_167' title='bbox 210 2983 461 3068; x_wconf 84' lang='lat' dir='ltr'>necessariae</span> <span class='ocrx_word' id='word_1_168' title='bbox 480 2981 646 3066; x_wconf 84' lang='lat' dir='ltr'>fuissent</span> <span class='ocrx_word' id='word_1_169' title='bbox 665 2984 717 3063; x_wconf 86' lang='lat' dir='ltr'>ad</span> <span class='ocrx_word' id='word_1_170' title='bbox 736 3011 784 3062; x_wconf 87' lang='lat' dir='ltr'>ea</span> <span class='ocrx_word' id='word_1_171' title='bbox 798 2980 890 3062; x_wconf 85' lang='lat' dir='ltr'>loca</span> <span class='ocrx_word' id='word_1_172' title='bbox 911 2981 1022 3062; x_wconf 69' lang='lat' dir='ltr'>clare</span> <span class='ocrx_word' id='word_1_173' title='bbox 1045 2982 1348 3092; x_wconf 87' lang='lat' dir='ltr'>intelligenda,</span> 
     </span>
     <span class='ocr_line' id='line_1_24' title="bbox 211 3103 1438 3217; baseline -0.004 -26"><span class='ocrx_word' id='word_1_174' title='bbox 211 3138 321 3217; x_wconf 84' lang='lat' dir='ltr'>quae</span> <span class='ocrx_word' id='word_1_175' title='bbox 343 3109 709 3213; x_wconf 82' lang='lat' dir='ltr'>aliteruuuquam</span> <span class='ocrx_word' id='word_1_176' title='bbox 745 3103 963 3212; x_wconf 70' lang='lat' dir='ltr'>perspicue</span> <span class='ocrx_word' id='word_1_177' title='bbox 985 3105 1168 3214; x_wconf 81' lang='lat' dir='ltr'>intelligi</span> <span class='ocrx_word' id='word_1_178' title='bbox 1189 3107 1352 3214; x_wconf 82' lang='lat' dir='ltr'>potuis·</span> <span class='ocrx_word' id='word_1_179' title='bbox 1402 3113 1406 3120; x_wconf 81' lang='grc'><strong>“</strong></span> <span class='ocrx_word' id='word_1_180' title='bbox 1435 3121 1438 3126; x_wconf 86' lang='grc'><strong>’</strong></span> 
     </span>
     <span class='ocr_line' id='line_1_25' title="bbox 210 3215 1446 3341; baseline -0.007 -28"><span class='ocrx_word' id='word_1_181' title='bbox 210 3233 317 3328; x_wconf 86' lang='lat' dir='ltr'>sent,</span> <span class='ocrx_word' id='word_1_182' title='bbox 343 3231 408 3309; x_wconf 87' lang='lat' dir='ltr'>vel</span> <span class='ocrx_word' id='word_1_183' title='bbox 433 3228 576 3341; x_wconf 85' lang='lat' dir='ltr'>saltem</span> <span class='ocrx_word' id='word_1_184' title='bbox 609 3217 818 3307; x_wconf 79' lang='lat' dir='ltr'>maximae</span> <span class='ocrx_word' id='word_1_185' title='bbox 847 3227 1123 3332; x_wconf 84' lang='lat' dir='ltr'>ambiguitati</span> <span class='ocrx_word' id='word_1_186' title='bbox 1157 3229 1352 3310; x_wconf 83' lang='lat' dir='ltr'>obnoxia</span> <span class='ocrx_word' id='word_1_187' title='bbox 1444 3215 1446 3304; x_wconf 72' lang='grc' dir='ltr'>ἷ</span> 
     </span>
     <span class='ocr_line' id='line_1_26' title="bbox 209 3346 1347 3460; baseline -0.004 -26"><span class='ocrx_word' id='word_1_188' title='bbox 209 3352 354 3447; x_wconf 81' lang='lat' dir='ltr'>essent,</span> <span class='ocrx_word' id='word_1_189' title='bbox 379 3347 456 3448; x_wconf 84' lang='lat' dir='ltr'>uili</span> <span class='ocrx_word' id='word_1_190' title='bbox 474 3349 632 3459; x_wconf 68' lang='lat' dir='ltr'>pundla</span> <span class='ocrx_word' id='word_1_191' title='bbox 653 3349 815 3432; x_wconf 84' lang='lat' dir='ltr'>vocalia</span> <span class='ocrx_word' id='word_1_192' title='bbox 842 3346 1084 3448; x_wconf 86' lang='lat' dir='ltr'>adfuissent,</span> <span class='ocrx_word' id='word_1_193' title='bbox 1108 3351 1277 3460; x_wconf 85' lang='lat' dir='ltr'>prorsus</span> <span class='ocrx_word' id='word_1_194' title='bbox 1300 3379 1347 3430; x_wconf 92' lang='lat' dir='ltr'>o·</span> 
     </span>
     <span class='ocr_line' id='line_1_27' title="bbox 210 3469 928 3589; baseline -0.018 -29"><span class='ocrx_word' id='word_1_195' title='bbox 210 3475 354 3589; x_wconf 79' lang='lat' dir='ltr'>missae</span> <span class='ocrx_word' id='word_1_196' title='bbox 379 3477 475 3556; x_wconf 86' lang='lat' dir='ltr'>sunt</span> <span class='ocrx_word' id='word_1_197' title='bbox 495 3469 574 3585; x_wconf 80' lang='lat' dir='ltr'><em>(p).</em></span> <span class='ocrx_word' id='word_1_198' title='bbox 920 3487 928 3498; x_wconf 90' lang='grc'><em>’</em></span> 
     </span>
     <span class='ocr_line' id='line_1_28' title="bbox 243 3597 1354 3682; baseline 0.002 -2"><span class='ocrx_word' id='word_1_199' title='bbox 243 3613 246 3621; x_wconf 83' lang='grc'><em>“</em></span> <span class='ocrx_word' id='word_1_200' title='bbox 373 3603 377 3617; x_wconf 81' lang='grc'>’</span> <span class='ocrx_word' id='word_1_201' title='bbox 1191 3597 1354 3682; x_wconf 82' lang='lat' dir='ltr'>Clariff.</span> 
     </span>
    </p>
   </div>
   <div class='ocr_carea' id='block_1_3' title="bbox 203 3710 1446 4601">
    <p class='ocr_par' dir='ltr' id='par_1_8' title="bbox 206 3710 1390 4040">
     <span class='ocr_line' id='line_1_29' title="bbox 250 3710 1354 3794; baseline 0.005 -23"><span class='ocrx_word' id='word_1_202' title='bbox 250 3710 297 3794; x_wconf 84' lang='lat' dir='ltr'>(p)</span> <span class='ocrx_word' id='word_1_203' title='bbox 321 3713 404 3772; x_wconf 87' lang='lat' dir='ltr'>Clar.</span> <span class='ocrx_word' id='word_1_204' title='bbox 421 3711 565 3792; x_wconf 81' lang='lat' dir='ltr'>capellus</span> <span class='ocrx_word' id='word_1_205' title='bbox 585 3710 755 3790; x_wconf 83' lang='lat' dir='ltr'>quaerenti,</span> <span class='ocrx_word' id='word_1_206' title='bbox 778 3729 838 3792; x_wconf 85' lang='lat' dir='ltr'>qno</span> <span class='ocrx_word' id='word_1_207' title='bbox 849 3711 941 3788; x_wconf 76' lang='lat' dir='ltr'>pano</span> <span class='ocrx_word' id='word_1_208' title='bbox 956 3711 1030 3772; x_wconf 88' lang='lat' dir='ltr'>olim</span> <span class='ocrx_word' id='word_1_209' title='bbox 1045 3724 1118 3772; x_wconf 82' lang='lat' dir='ltr'>ante</span> <span class='ocrx_word' id='word_1_210' title='bbox 1132 3711 1241 3774; x_wconf 83' lang='lat' dir='ltr'>addita</span> <span class='ocrx_word' id='word_1_211' title='bbox 1254 3735 1354 3794; x_wconf 86' lang='lat' dir='ltr'>punc-</span> 
     </span>
     <span class='ocr_line' id='line_1_30' title="bbox 206 3792 1353 3874; baseline 0.001 -20"><span class='ocrx_word' id='word_1_212' title='bbox 206 3806 242 3854; x_wconf 83' lang='lat' dir='ltr'>ta</span> <span class='ocrx_word' id='word_1_213' title='bbox 254 3794 318 3874; x_wconf 81' lang='lat' dir='ltr'>legi</span> <span class='ocrx_word' id='word_1_214' title='bbox 331 3807 504 3872; x_wconf 87' lang='lat' dir='ltr'>potuerunt</span> <span class='ocrx_word' id='word_1_215' title='bbox 529 3792 680 3850; x_wconf 71' lang='lat' dir='ltr'>Hebraico</span> <span class='ocrx_word' id='word_1_216' title='bbox 700 3809 764 3852; x_wconf 89' lang='lat' dir='ltr'>non</span> <span class='ocrx_word' id='word_1_217' title='bbox 785 3793 960 3871; x_wconf 74' lang='lat' dir='ltr'>puuclata?</span> <span class='ocrx_word' id='word_1_218' title='bbox 984 3793 1162 3872; x_wconf 87' lang='lat' dir='ltr'>respondet,</span> <span class='ocrx_word' id='word_1_219' title='bbox 1191 3801 1213 3832; x_wconf 91' lang='lat'><strong>“</strong></span> <span class='ocrx_word' id='word_1_220' title='bbox 1234 3795 1353 3858; x_wconf 72' lang='lat' dir='ltr'>facium</span> 
     </span>
     <span class='ocr_line' id='line_1_31' title="bbox 207 3865 1390 3956; baseline 0.003 -22"><span class='ocrx_word' id='word_1_221' title='bbox 207 3883 231 3912; x_wconf 87' lang='lat'><strong>“</strong></span> <span class='ocrx_word' id='word_1_222' title='bbox 251 3875 283 3934; x_wconf 87' lang='lat' dir='ltr'>id</span> <span class='ocrx_word' id='word_1_223' title='bbox 299 3871 387 3934; x_wconf 78' lang='lat' dir='ltr'>fuisse</span> <span class='ocrx_word' id='word_1_224' title='bbox 402 3893 461 3952; x_wconf 90' lang='lat' dir='ltr'>ope</span> <span class='ocrx_word' id='word_1_225' title='bbox 477 3889 510 3933; x_wconf 93' lang='lat' dir='ltr'>et</span> <span class='ocrx_word' id='word_1_226' title='bbox 524 3865 653 3932; x_wconf 80' lang='lat' dir='ltr'>subfidio</span> <span class='ocrx_word' id='word_1_227' title='bbox 668 3873 827 3934; x_wconf 80' lang='lat' dir='ltr'>literamm</span> <span class='ocrx_word' id='word_1_228' title='bbox 845 3877 914 3944; x_wconf 74' lang='lat' dir='ltr'>uu,</span> <span class='ocrx_word' id='word_1_229' title='bbox 942 3893 1021 3954; x_wconf 83' lang='lat' dir='ltr'>quae</span> <span class='ocrx_word' id='word_1_230' title='bbox 1036 3873 1103 3933; x_wconf 85' lang='lat' dir='ltr'>vice</span> <span class='ocrx_word' id='word_1_231' title='bbox 1125 3889 1158 3934; x_wconf 82' lang='lat' dir='ltr'>et</span> <span class='ocrx_word' id='word_1_232' title='bbox 1178 3876 1247 3936; x_wconf 93' lang='lat' dir='ltr'>loco</span> <span class='ocrx_word' id='word_1_233' title='bbox 1261 3897 1352 3938; x_wconf 74' lang='lat' dir='ltr'>voca·</span> <span class='ocrx_word' id='word_1_234' title='bbox 1382 3941 1390 3956; x_wconf 59' lang='grc'><em>,</em></span> 
     </span>
     <span class='ocr_line' id='line_1_32' title="bbox 208 3954 1352 4040; baseline 0.002 -25"><span class='ocrx_word' id='word_1_235' title='bbox 208 3961 231 3992; x_wconf 83' lang='grc'><strong>“</strong></span> <span class='ocrx_word' id='word_1_236' title='bbox 252 3957 330 4015; x_wconf 89' lang='lat' dir='ltr'>lium</span> <span class='ocrx_word' id='word_1_237' title='bbox 339 3959 522 4013; x_wconf 63' lang='lat' dir='ltr'>erano-Ac</span> <span class='ocrx_word' id='word_1_238' title='bbox 532 3973 572 4012; x_wconf 86' lang='lat' dir='ltr'>ne</span> <span class='ocrx_word' id='word_1_239' title='bbox 587 3954 722 4032; x_wconf 87' lang='lat' dir='ltr'>cuipiam</span> <span class='ocrx_word' id='word_1_240' title='bbox 732 3956 846 4014; x_wconf 87' lang='lat' dir='ltr'>mirum</span> <span class='ocrx_word' id='word_1_241' title='bbox 857 3955 890 4013; x_wconf 91' lang='lat' dir='ltr'>id</span> <span class='ocrx_word' id='word_1_242' title='bbox 901 3955 1057 4028; x_wconf 81' lang='lat' dir='ltr'>videatur,</span> <span class='ocrx_word' id='word_1_243' title='bbox 1065 3956 1150 4034; x_wconf 88' lang='lat' dir='ltr'>quod</span> <span class='ocrx_word' id='word_1_244' title='bbox 1161 3957 1209 4016; x_wconf 79' lang='lat' dir='ltr'>vel</span> <span class='ocrx_word' id='word_1_245' title='bbox 1219 3957 1258 4017; x_wconf 88' lang='lat' dir='ltr'>lic</span> <span class='ocrx_word' id='word_1_246' title='bbox 1266 3979 1352 4040; x_wconf 84' lang='lat' dir='ltr'>mag·</span> 
     </span>
    </p>

    <p class='ocr_par' dir='ltr' id='par_1_9' title="bbox 206 4033 1446 4202">
     <span class='ocr_line' id='line_1_33' title="bbox 206 4033 1446 4114; baseline 0.002 -18"><span class='ocrx_word' id='word_1_247' title='bbox 206 4043 230 4074; x_wconf 85' lang='lat'><em>“</em></span> <span class='ocrx_word' id='word_1_248' title='bbox 252 4057 293 4096; x_wconf 83' lang='lat' dir='ltr'>na</span> <span class='ocrx_word' id='word_1_249' title='bbox 308 4035 408 4110; x_wconf 81' lang='lat' dir='ltr'>adhuc</span> <span class='ocrx_word' id='word_1_250' title='bbox 425 4035 554 4094; x_wconf 83' lang='lat' dir='ltr'>restaret</span> <span class='ocrx_word' id='word_1_251' title='bbox 569 4033 603 4092; x_wconf 88' lang='lat' dir='ltr'>iu</span> <span class='ocrx_word' id='word_1_252' title='bbox 617 4034 749 4114; x_wconf 80' lang='lat' dir='ltr'>legendo</span> <span class='ocrx_word' id='word_1_253' title='bbox 764 4036 962 4114; x_wconf 75' lang='lat' dir='ltr'>ambiguitas,</span> <span class='ocrx_word' id='word_1_254' title='bbox 980 4049 1073 4114; x_wconf 86' lang='lat' dir='ltr'>atque</span> <span class='ocrx_word' id='word_1_255' title='bbox 1087 4036 1162 4095; x_wconf 87' lang='lat' dir='ltr'>inde</span> <span class='ocrx_word' id='word_1_256' title='bbox 1176 4037 1353 4114; x_wconf 77' lang='lat' dir='ltr'>haesitatio,</span> <span class='ocrx_word' id='word_1_257' title='bbox 1444 4071 1446 4078; x_wconf 83' lang='grc'><em>·</em></span> 
     </span>
     <span class='ocr_line' id='line_1_34' title="bbox 207 4114 1351 4202; baseline 0.003 -26"><span class='ocrx_word' id='word_1_258' title='bbox 207 4123 228 4156; x_wconf 81' lang='grc'><strong>“</strong></span> <span class='ocrx_word' id='word_1_259' title='bbox 249 4118 388 4198; x_wconf 78' lang='lat' dir='ltr'>cogitare</span> <span class='ocrx_word' id='word_1_260' title='bbox 401 4133 471 4202; x_wconf 76' lang='lat' dir='ltr'>eum</span> <span class='ocrx_word' id='word_1_261' title='bbox 484 4128 621 4193; x_wconf 84' lang='lat' dir='ltr'>oportet,</span> <span class='ocrx_word' id='word_1_262' title='bbox 633 4114 807 4194; x_wconf 87' lang='lat' dir='ltr'>nequidem</span> <span class='ocrx_word' id='word_1_263' title='bbox 819 4115 913 4174; x_wconf 91' lang='lat' dir='ltr'>hodie</span> <span class='ocrx_word' id='word_1_264' title='bbox 928 4117 1023 4175; x_wconf 86' lang='lat' dir='ltr'>aliter</span> <span class='ocrx_word' id='word_1_265' title='bbox 1038 4116 1102 4196; x_wconf 87' lang='lat' dir='ltr'>legi</span> <span class='ocrx_word' id='word_1_266' title='bbox 1116 4120 1221 4178; x_wconf 77' lang='lat' dir='ltr'>omnia</span> <span class='ocrx_word' id='word_1_267' title='bbox 1237 4119 1351 4199; x_wconf 83' lang='lat' dir='ltr'>Judae-</span> 
     </span>
    </p>

    <p class='ocr_par' dir='ltr' id='par_1_10' title="bbox 204 4193 1351 4275">
     <span class='ocr_line' id='line_1_35' title="bbox 204 4193 1351 4275; baseline 0.002 -19"><span class='ocrx_word' id='word_1_268' title='bbox 204 4203 229 4234; x_wconf 85' lang='lat'><strong>“</strong></span> <span class='ocrx_word' id='word_1_269' title='bbox 250 4219 338 4256; x_wconf 91' lang='lat' dir='ltr'>orum</span> <span class='ocrx_word' id='word_1_270' title='bbox 356 4195 585 4274; x_wconf 84' lang='lat' dir='ltr'>scriptae,quae</span> <span class='ocrx_word' id='word_1_271' title='bbox 598 4193 668 4274; x_wconf 81' lang='lat' dir='ltr'>solis</span> <span class='ocrx_word' id='word_1_272' title='bbox 682 4197 885 4256; x_wconf 83' lang='lat' dir='ltr'>consonarum</span> <span class='ocrx_word' id='word_1_273' title='bbox 900 4197 1007 4275; x_wconf 84' lang='lat' dir='ltr'>figuris</span> <span class='ocrx_word' id='word_1_274' title='bbox 1021 4199 1218 4258; x_wconf 81' lang='lat' dir='ltr'>exaratasunt</span> <span class='ocrx_word' id='word_1_275' title='bbox 1233 4199 1351 4275; x_wconf 88' lang='lat' dir='ltr'>omnia,</span> 
     </span>
    </p>

    <p class='ocr_par' dir='ltr' id='par_1_11' title="bbox 205 4275 1396 4359">
     <span class='ocr_line' id='line_1_36' title="bbox 205 4275 1396 4359; baseline 0 -21"><span class='ocrx_word' id='word_1_276' title='bbox 205 4283 228 4314; x_wconf 85' lang='lat'>·‘</span> <span class='ocrx_word' id='word_1_277' title='bbox 248 4279 368 4338; x_wconf 85' lang='lat' dir='ltr'>lisortc</span> <span class='ocrx_word' id='word_1_278' title='bbox 384 4275 561 4356; x_wconf 77' lang='lat' dir='ltr'>pauciffima</span> <span class='ocrx_word' id='word_1_279' title='bbox 574 4277 724 4354; x_wconf 85' lang='lat' dir='ltr'>quaedam</span> <span class='ocrx_word' id='word_1_280' title='bbox 747 4277 893 4355; x_wconf 81' lang='lat' dir='ltr'>excipias,</span> <span class='ocrx_word' id='word_1_281' title='bbox 916 4287 948 4336; x_wconf 92' lang='lat' dir='ltr'>et</span> <span class='ocrx_word' id='word_1_282' title='bbox 963 4276 1104 4336; x_wconf 87' lang='lat' dir='ltr'>seresola</span> <span class='ocrx_word' id='word_1_283' title='bbox 1120 4300 1144 4328; x_wconf 79' lang='grc' dir='ltr'>εν</span> <span class='ocrx_word' id='word_1_284' title='bbox 1165 4295 1256 4342; x_wconf 66' lang='lat' dir='ltr'>exorta.</span> <span class='ocrx_word' id='word_1_285' title='bbox 1271 4299 1352 4359; x_wconf 80' lang='lat' dir='ltr'>quae</span> <span class='ocrx_word' id='word_1_286' title='bbox 1385 4286 1396 4324; x_wconf 63' lang='grc' dir='ltr'><em>θ</em></span> 
     </span>
    </p>

    <p class='ocr_par' dir='ltr' id='par_1_12' title="bbox 203 4357 1350 4442">
     <span class='ocr_line' id='line_1_37' title="bbox 203 4357 1350 4442; baseline 0.004 -25"><span class='ocrx_word' id='word_1_287' title='bbox 203 4365 227 4395; x_wconf 83' lang='grc'><strong>“</strong></span> <span class='ocrx_word' id='word_1_288' title='bbox 248 4381 316 4430; x_wconf 76' lang='lat' dir='ltr'>erun</span> <span class='ocrx_word' id='word_1_289' title='bbox 332 4357 499 4434; x_wconf 78' lang='lat' dir='ltr'>imperitae</span> <span class='ocrx_word' id='word_1_290' title='bbox 506 4357 692 4434; x_wconf 81' lang='lat' dir='ltr'>plebeculae,</span> <span class='ocrx_word' id='word_1_291' title='bbox 703 4373 736 4416; x_wconf 88' lang='lat' dir='ltr'>et</span> <span class='ocrx_word' id='word_1_292' title='bbox 745 4359 872 4440; x_wconf 84' lang='lat' dir='ltr'>linguae</span> <span class='ocrx_word' id='word_1_293' title='bbox 888 4357 1055 4418; x_wconf 86' lang='lat' dir='ltr'>Hebraicae</span> <span class='ocrx_word' id='word_1_294' title='bbox 1069 4379 1127 4437; x_wconf 87' lang='lat' dir='ltr'>pro</span> <span class='ocrx_word' id='word_1_295' title='bbox 1161 4379 1194 4418; x_wconf 90' lang='lat' dir='ltr'>us</span> <span class='ocrx_word' id='word_1_296' title='bbox 1209 4360 1350 4442; x_wconf 71' lang='lat' dir='ltr'>ignarae,</span> 
     </span>
    </p>

    <p class='ocr_par' dir='ltr' id='par_1_13' title="bbox 204 4437 1348 4511">
     <span class='ocr_line' id='line_1_38' title="bbox 204 4437 1348 4511; baseline 0.003 -13"><span class='ocrx_word' id='word_1_297' title='bbox 204 4441 226 4470; x_wconf 88' lang='grc'>“</span> <span class='ocrx_word' id='word_1_298' title='bbox 248 4441 282 4498; x_wconf 89' lang='lat' dir='ltr'>in</span> <span class='ocrx_word' id='word_1_299' title='bbox 292 4439 376 4496; x_wconf 85' lang='lat' dir='ltr'>asum</span> <span class='ocrx_word' id='word_1_300' title='bbox 388 4437 560 4511; x_wconf 85' lang='lat' dir='ltr'>sontedita,</span> <span class='ocrx_word' id='word_1_301' title='bbox 572 4439 684 4498; x_wconf 86' lang='lat' dir='ltr'>nccell&#39;e</span> <span class='ocrx_word' id='word_1_302' title='bbox 697 4439 739 4497; x_wconf 87' lang='lat' dir='ltr'>ell·</span> <span class='ocrx_word' id='word_1_303' title='bbox 750 4460 786 4498; x_wconf 85' lang='lat' dir='ltr'>ea</span> <span class='ocrx_word' id='word_1_304' title='bbox 799 4439 953 4498; x_wconf 81' lang='lat' dir='ltr'>vocalium</span> <span class='ocrx_word' id='word_1_305' title='bbox 965 4440 1083 4504; x_wconf 68' lang='lat' dir='ltr'>notulis</span> <span class='ocrx_word' id='word_1_306' title='bbox 1098 4439 1155 4503; x_wconf 87' lang='lat' dir='ltr'>css&#39;e</span> <span class='ocrx_word' id='word_1_307' title='bbox 1167 4439 1348 4507; x_wconf 79' lang='lat' dir='ltr'>distineta.’‘</span> 
     </span>
    </p>

    <p class='ocr_par' dir='ltr' id='par_1_14' title="bbox 203 4519 972 4601">
     <span class='ocr_line' id='line_1_39' title="bbox 203 4519 972 4601; baseline 0.012 -27"><span class='ocrx_word' id='word_1_308' title='bbox 203 4521 276 4582; x_wconf 74' lang='lat' dir='ltr'>lid·</span> <span class='ocrx_word' id='word_1_309' title='bbox 292 4519 402 4598; x_wconf 74' lang='lat' dir='ltr'>Capul.</span> <span class='ocrx_word' id='word_1_310' title='bbox 421 4521 530 4582; x_wconf 64' lang='lat' dir='ltr'>Arcen.</span> <span class='ocrx_word' id='word_1_311' title='bbox 549 4519 686 4582; x_wconf 62' lang='lat' dir='ltr'>sentiat,</span> <span class='ocrx_word' id='word_1_312' title='bbox 701 4521 836 4586; x_wconf 68' lang='lat' dir='ltr'>develat.</span> <span class='ocrx_word' id='word_1_313' title='bbox 850 4535 883 4601; x_wconf 76' lang='lat' dir='ltr'>p.</span> <span class='ocrx_word' id='word_1_314' title='bbox 904 4537 972 4596; x_wconf 84' lang='lat'>157.</span> 
     </span>
    </p>
   </div>
   <div class='ocr_carea' id='block_1_4' title="bbox 49 4583 123 4620">
    <p class='ocr_par' dir='ltr' id='par_1_15' title="bbox 49 4583 123 4620">
     <span class='ocr_line' id='line_1_40' title="bbox 49 4583 123 4620; baseline 0 0"><span class='ocrx_word' id='word_1_315' title='bbox 49 4583 123 4620; x_wconf 58' lang='lat'>*⁹</span> 
     </span>
    </p>
   </div>
   <div class='ocr_carea' id='block_1_5' title="bbox 1211 4605 1357 4686">
    <p class='ocr_par' dir='ltr' id='par_1_16' title="bbox 1211 4605 1357 4686">
     <span class='ocr_line' id='line_1_41' title="bbox 1211 4605 1357 4686; baseline 0.007 -21"><span class='ocrx_word' id='word_1_316' title='bbox 1211 4605 1357 4686; x_wconf 77' lang='lat' dir='ltr'>Negatur</span> 
     </span>
    </p>
   </div>
   <div class='ocr_carea' id='block_1_6' title="bbox 0 0 1466 4832">
    <p class='ocr_par' dir='ltr' id='par_1_17' title="bbox 0 0 1466 4832">
     <span class='ocr_line' id='line_1_42' title="bbox 0 0 1466 4832; baseline 0 0"><span class='ocrx_word' id='word_1_317' title='bbox 0 0 1466 4832; x_wconf 95' lang='lat' dir='ltr'> </span> 
     </span>
    </p>
   </div>
  </div>
 </body>
</html>
