2924 4832
320 141 1091 244 Lrneusnsrareaocss
1243 166 1277 262 7⁴

15 439 16 446 Ν
207 375 298 444 tmo,
333 351 398 432 De
422 348 602 452 origine,
636 348 907 454 antiquitate,
941 348 1284 453 conservatione,

13 521 14 530 κ
142 496 183 558 et
211 473 366 570 intimi
394 470 603 552 affinitate
637 472 809 578 linguae
833 473 1039 564 Arabicae
1069 501 1169 554 curn
1197 465 1302 558 He?

141 597 282 690 brari,
307 598 523 677 dicemus:
554 593 636 690 ado,
664 597 725 674 De
743 595 831 700 ejus
851 596 1034 676 utilitate
1051 617 1094 676 et
1112 597 1282 680 indole:

138 745 182 800 et
209 711 395 828 postremo,
431 741 478 798 nt
508 709 673 823 plenior
697 716 801 796 fides
823 716 870 798 stt
895 717 1035 816 ditiis,
1070 719 1283 804 sommant

140 844 233 922 dari
268 841 612 922 convenientiam
646 837 814 919 dialecti
838 841 1045 922 Arabicae
1078 869 1177 924 cum
1200 845 1284 926 He·

140 965 286 1058 brari,
312 966 356 1044 in
379 965 503 1044 variis
526 962 717 1070 partibus
739 960 963 1058 orationis,
991 963 1281 1046 ostendemus.

210 1113 301 1177 tmo,
338 1087 391 1166 Ut
422 1087 554 1192 igitur
582 1085 635 1164 ab
659 1081 1195 1194 antiquitate'incipiamus
1217 1119 1285 1167 :--

139 1213 324 1304 Moses,
356 1207 647 1288 historicorum
671 1205 991 1314 antiquillimus,
1025 1212 1283 1306 Hecaton,

143 1331 486 1413 antediluvianae
515 1330 686 1436 linguae
717 1327 980 1437 pollellorem
1010 1331 1130 1448 haud⁸
1154 1332 1287 1414 dubie

141 1454 401 1562 legitimum,
433 1452 706 1560 ejusdemque
728 1476 1060 1561 propagatorem
1084 1482 1159 1562 per
1181 1457 1288 1538 Plra·

139 1575 288 1684 legum
310 1575 445 1655 filium
468 1574 608 1670 suurn,
635 1575 868 1656 Abrahami
890 1596 1080 1673 atavum,
1105 1578 1215 1662 hanc
1237 1580 1287 1662 in

140 1697 349 1779 familiam
388 1699 681 1778 Hebraeorum
723 1695 1016 1792 introduxisse,
1062 1701 1193 1780 tradit
1218 1732 1287 1778 :-

140 1821 431 1926 Eundemque
453 1820 669 1902 Heberum
701 1820 884 1899 alterum
915 1817 1100 1899 habuisse
1131 1821 1284 1920 lilium,

138 1963 250 2026 natu
272 1943 498 2035 minorem,
523 1941 699 2023 nomine
719 1941 970 2050 Joktanum,
1003 1967 1133 2050 quem
1155 1947 1288 2028 etiam

7 2073 9 2100 ‘
135 2067 191 2148 in
210 2066 340 2146 domo
357 2064 535 2174 paterni
558 2063 816 2172 primaevam
836 2063 1027 2172 linguam
1046 2054 1285 2150 vernaculis
1380 2061 1384 2068 ”

141 2215 201 2270 ex
228 2185 421 2268 fontibus
449 2185 636 2283 haufille,
671 2213 724 2268 ex
745 2187 893 2270 eidem
913 2185 1083 2296 historii
1104 2193 1283 2272 constat.

58 2371 71 2405 ,
140 2311 246 2393 Vid.
273 2307 364 2389 Gen.
390 2335 433 2390 x.
462 2336 532 2418 24·
561 2335 630 2410 25.
1198 2303 1203 2312 ¹

209 2432 450 2539 Unicuique
476 2433 613 2540 genti,
647 2431 820 2516 annales
849 2431 941 2514 suos
968 2429 1185 2531 referenti,
1218 2463 1287 2518 ae·

142 2555 272 2664 quius
301 2555 358 2634 est
386 2556 560 2636 credere
587 2584 716 2664 quam
743 2554 1022 2663 alienigenis:
1057 2557 1128 2637 Uti
1150 2559 1287 2640 Eure

142 2678 225 2790 paei
248 2705 325 2783 pro
344 2678 569 2758 conditore
592 2682 662 2758 suo
679 2679 924 2788 Japhetum,
948 2677 1138 2768 Africani
1156 2683 1287 2762 Ham-

143 2827 339 2894 monem,
368 2801 670 2881 concelebrant
692 2834 702 2893 3
734 2803 792 2882 ita
809 2801 1067 2908 jamdudum
1091 2806 1205 2911 apud
1229 2807 1288 2885 A·

141 2928 268 3006 tabes
290 2921 469 3002 invaluit
489 2924 642 3003 haecce
659 2923 822 3032 opinio,
844 2924 1076 3030 Joktanom
1096 2955 1174 3030 σας
1193 2909 1290 3022 Alpa,

141 3048 232 3130 five
254 3047 423 3150 &⁰²5⁵
441 3043 572 3130 rnnnp
594 3045 856 3139 Kahtanonr,
889 3044 941 3157 (is
963 3047 1080 3128 enim
1101 3053 1215 3159 apud
1239 3053 1290 3136 il.

142 3171 211 3252 los
236 3167 487 3282 binomius),
521 3165 599 3248 effe
621 3170 812 3249 Arabum
835 3191 1072 3276 parentem,
1096 3173 1291 3283 linguae,-

143 3321 232 3400 que
252 3291 460 3372 Arabicae
481 3290 710 3372 audiorem.
758 3291 823 3373 Ita
842 3290 1079 3402 scriptores,
1110 3319 1153 3375 et
1173 3299 1290 3380 inter

1193 3419 1288 3504 illos

144 3613 173 3647 “
193 3627 278 3671 were
299 3613 339 3676 of
354 3619 409 3676 the
429 3637 502 3678 race
517 3618 557 3679 of
572 3621 627 3680 the
642 3617 815 3702 originale,
837 3615 909 3679 who
925 3637 1011 3681 carne
1025 3637 1070 3702 up
1083 3620 1164 3686 nith
1179 3625 1233 3694 the
1249 3623 1292 3683 ts·

145 3697 173 3729 ‘⁴
193 3693 322 3756 raelites
337 3712 395 3758 out
410 3699 450 3760 of
460 3705 563 3780 Egypt
577 3702 647 3761 into
663 3703 719 3761 the
733 3699 935 3762 wilderness:
957 3705 1028 3764 The
1036 3699 1116 3764 then
1126 3705 1293 3778 Israeliten,

145 3777 173 3809 “
194 3777 297 3836 whom
312 3781 390 3858 they
405 3781 572 3842 conversed
586 3783 678 3856 with,
705 3782 769 3842 had
790 3783 825 3842 in
846 3803 866 3842 a
884 3797 975 3863 great
996 3787 1135 3846 measure
1155 3787 1213 3846 lost
1235 3788 1292 3845 the

144 3857 174 3891 “
194 3855 381 3942 knowledge
402 3861 442 3922 of
461 3865 516 3921 the
534 3863 596 3924 first
615 3865 800 3940 revelation,
827 3863 892 3924 and
909 3864 975 3925 had
993 3880 1052 3926 not
1070 3865 1217 3946 aequired
1235 3867 1294 3926 the

146 3939 174 3971 “
194 3935 381 4023 knowledge
402 3943 442 4003 of
461 3947 517 4004 the
535 3945 667 4006 written
689 3943 957 4008 mmifestation.”
997 3947 1071 4010 Vid.
1089 3948 1298 4028 Huichinson'r

148 4013 260 4093 Veris,
292 4025 350 4082 ool.
372 4029 426 4086 tv.
455 4041 486 4106 p.
514 4043 581 4107 139·
614 4027 704 4088 Lond.
730 4041 818 4110 1749.
957 4040 962 4054 '

190 4100 286 4162 Porro
306 4103 417 4184 adjicit
429 4111 505 4166 :··“
524 4113 585 4168 We
599 4111 680 4168 have
694 4111 803 4170 traced
817 4113 902 4174 these
916 4113 1069 4174 Arabiano
1083 4113 1297 4196 through'tbe

152 4179 178 4212 “
199 4181 369 4263 Scriptores
384 4187 447 4247 and
462 4193 673 4269 Apocrypha:
702 4196 731 4253 lt
752 4211 884 4272 appears
901 4197 979 4274 they
992 4213 1076 4254 were
1091 4197 1244 4254 theseum
1260 4193 1304 4251 of

152 4258 180 4290 “
202 4261 490 4342 Egypt.”-Nuna
505 4277 630 4350 prorsus
645 4275 880 4336 confirmatione
896 4275 953 4336 nili
967 4273 1059 4356 iplius
1072 4269 1297 4334 Hutchinsonii

149 4333 382 4424 ass'eomtione,
399 4371 478 4430 qnae
493 4353 577 4430 apud
592 4354 709 4415 sobrios
724 4356 869 4417 veritatis
884 4357 1085 4440 indagatores
1099 4352 1213 4437 parum
1227 4350 1301 4429 qui·⁴

149 4417 227 4478 dem
243 4424 364 4491 ralebit.
406 4431 479 4495 Vid.
499 4435 688 4517 llrrrclr'nfim,
709 4457 742 4499 as
758 4437 864 4502 above.
1411 4435 1417 4443 ’
