2924 4832
126 142 1024 304 ,retrario

141 379 292 471 ¹flabat,
323 376 494 484 inquit,
534 379 768 486 aliquando
805 381 945 460 minus
984 377 1249 464 Aristoteli·

129 517 238 584 'cum
268 495 360 594 elle,
394 525 521 608 quam
559 503 636 581 hoc
669 513 811 583 carere
846 501 1114 614 (cognitione
1141 505 1246 602 lin-

141 620 345 736 guarum)
379 624 676 716 adminiculo;
709 627 928 732 additque,
965 653 1017 704 ne
1041 624 1244 706 (1οὲ11111-

147 773 237 825 mos
260 746 435 852 quidem
460 747 620 853 abl'que'
637 750 827 855 periculo
851 743 986 855 lapsits
1009 748 1242 856 interpre-

144 865 359 976 taripolle
381 868 547 948 divinas
571 869 708 950 literas
736 875 842 949 citra
867 874 1112 978 linguarum
1149 897 1239 976 pe-

145 991 337 1072 ritiam·’'
400 991 515 1071 Idem
540 993 839 1071 celeberrimus
856 992 1073 1085 Erasinus,
1108 994 1156 1071 in
1187 1021 1238 1072 e-

126 1099 365 1194 tclcatiotie'
385 1111 498 1191 illius
521 1115 676 1219 adagii,
715 1128 744 1162 ‘⁶
776 1115 908 1194 lllutis
932 1116 1128 1193 manibus
1154 1109 1235 1194 vel

148 1237 346 1345 pedibus,
370 1235 589 1314 audaciam
609 1245 756 1315 eorum
781 1238 854 1342 qui
878 1235 1117 1340 theologiae
1137 1237 1233 1316 liu-

145 1362 280 1451 dium,
320 1358 490 1463 linguae
523 1359 737 1438 Hebraeae
775 1383 814 1438 et
850 1359 1036 1436 Graecae
1074 1362 1232 1451 rudes,

144 1479 473 1590 aggrediuntur,
513 1492 631 1557 more
657 1484 736 1560 ¹sno
769 1481 921 1560 acriter
954 1481 1119 1582 stringit
1147 1478 1233 1596 'inf’

147 1605 408 1710 Linguaeum
451 1601 802 1681 instauratoribus
844 1601 964 1683 sanae
1003 1602 1231 1709 religionis

132 1724 431 1834 {laniationem
470 1724 598 1829 ipsam
638 1751 690 1806 ex
728 1749 845 1838 parte
879 1729 1129 1816 debemus3
1173 1725 1229 1803 iis

126 1854 245 1960 rippe
280 1839 332 1928 ea
362 1867 478 1927 atrae
500 1846 706 1952 caliginis,
743 1847 815 1925 ubi
840 1848 1114 1940 delituerant,
1153 1873 1227 1924 ve-

126 1976 234 2054 ribus
266 1971 410 2059 erutis,
452 1974 607 2047 mirum
640 1971 1060 2077 quantum'luminis
1098 1967 1225 2048 sacris

126 2105 257 2200 noque
280 2091 411 2169 literis
433 2088 656 2183 accellerit,
691 2093 807 2173 unde
839 2093 1040 2198 deinceps
1073 2093 1225 2197 purior

126 2217 301 2320 teologia
332 2239 383 2291 ex
417 2209 501 2290 solo
536 2213 611 2291 Dei
645 2217 777 2290 verbo
799 2213 1052 2319 conscripta,
1086 2211 1129 2290 in
1154 2239 1225 2290 ec-

129 2339 218 2422 esris
234 2357 278 2416 et
292 2333 439 2415 scholis
458 2334 602 2414 doceri
620 2335 949 2443 coepit.-Hinc
968 2334 1223 2416 Cimmeriae

237 2455 243 2484 ι
531 2447 534 2456 ,

1021 2458 1223 2536 tenebrae
1328 2475 1335 2498 ⁴

127 2651 145 2691 *
168 2651 191 2684 “
211 2644 312 2707 moria
333 2642 474 2704 manibus
493 2643 543 2702 vel
564 2643 693 2721 pedibus
712 2642 911 2722 proverbium
935 2639 1053 2722 (inquit
1070 2633 1222 2717 Erasmus)

134 2728 216 2788 resti
227 2721 457 2804 interpretatur
468 2725 502 2782 in
513 2743 576 2796 eos,
593 2727 646 2803 qui
657 2727 706 2783 vel
719 2719 875 2797 audacius,
891 2723 939 2782 vel
951 2743 1060 2801 partun
1072 2719 1221 2792 institisti,

133 2811 224 2871 rebus
238 2808 297 2881 his,
319 2807 429 2886 quibus
450 2808 602 2883 oportuit,
626 2806 786 2887 negotium
807 2803 980 2871 invadunt;
1009 2803 1107 2864 veluti
1122 2799 1142 2861 sr
1158 2801 1223 2880 q'uie

135 2891 257 2952 divinas
273 2889 382 2948 literas
397 2887 603 2964 interpretati
618 2903 759 2962 conetur,
780 2887 929 2959 Graecae,
953 2887 1095 2958 Latinae,
1117 2899 1148 2942 et
1163 2885 1221 2940 llc-

135 2974 246 3032 bracae
265 2970 402 3058 linguae,
424 2965 558 3047 denique
572 2984 606 3028 et
620 2971 720 3028 omnia
734 2967 933 3046 antiquitatis
948 2969 1035 3028 rudis
1051 2982 1084 3026 et
1099 2963 1221 3042 imperi·

137 3068 199 3128 tus,
220 3049 282 3110 stne
304 3049 414 3129 quibua
439 3069 503 3110 non
527 3049 654 3110 stultum
681 3049 879 3122 enodavero
900 3052 995 3108 etiarn
1017 3047 1144 3126 impium
1168 3043 1219 3116 est,

139 3132 315 3214 theologiae
339 3129 485 3208 mysteria
509 3127 674 3191 tractanda
700 3130 859 3210 suscipere.
902 3129 994 3204 9uod
1019 3141 1134 3198 tamen,
1162 3128 1220 3186 heu

141 3215 239 3276 nefas!
257 3210 436 3291 jampaffim
452 3212 595 3290 plerique
608 3213 741 3285 faciunt,
758 3209 811 3290 qui
826 3193 951 3291 frigidis
965 3211 1085 3290 aliquot
1100 3208 1220 3269 instruc·
1334 3261 1335 3282 ,

143 3295 375 3378 tisyllogismis,
401 3306 435 3358 et
453 3292 623 3371 puerilibus
644 3294 848 3373 sophismatis,
876 3298 974 3352 Deum
994 3293 1218 3352 immortalem!
1318 3289 1335 3346 .l

145 3379 292 3462 quid'non
308 3374 444 3435 audent!
467 3373 542 3454 quid
557 3393 619 3432 non
636 3375 853 3453 praecipiunt!
875 3375 950 3453 quid
964 3393 1028 3433 non
1040 3373 1219 3432 decernunt!

146 3461 214 3541 Qui,
240 3451 540 3534 lipoffint'cernere
561 3475 636 3533 quos
658 3457 755 3528 risus,
773 3459 822 3515 vel
841 3455 946 3534 potius
966 3476 1056 3534 quem
1075 3453 1217 3528 dolorem,

149 3549 287 3600 noceant
300 3538 476 3617 linguarum
494 3550 528 3595 et
543 3537 741 3616 antiquitatis
757 3539 879 3615 peritis,
901 3557 979 3616 quae
994 3549 1141 3615 portenta
1152 3553 1218 3614 pro·

150 3621 258 3694 crant,
279 3617 418 3695 inquam
437 3613 603 3696 *pudendos
617 3639 737 3678 errores
753 3617 881 3678 subind'e
896 3618 1115 3698 prolabuntur,
1134 3616 1215 3674 nimi·

152 3721 208 3760 nm
224 3697 358 3790 puderet
372 3697 444 3758 illoa
459 3713 566 3760 mtrtae
581 3700 781 3774 temeritatis,
807 3715 840 3759 et
854 3701 904 3758 vel
920 3702 1005 3758 senes
1020 3699 1061 3757 ad
1075 3695 1171 3775 prima
1182 3698 1216 3756 li·

155 3801 275 3843 erarum
294 3779 449 3840 elementa
463 3779 615 3841 redirent.
649 3782 783 3842 Proinde
794 3783 890 3842 Divus
902 3781 1121 3857 Hieronymus,
1135 3797 1216 3856 quum

156 3861 340 3938 onstituisl'et
360 3859 494 3922 arcanas*
507 3862 719 3948 interpretare
738 3863 858 3936 literas,
885 3881 925 3921 ne
943 3861 1053 3934 illotis,
1073 3873 1111 3917 ut
1129 3860 1217 3938 aiunt,

158 3943 277 4017 edibus,
293 3964 359 4002 rem
374 3957 494 4004 tantam
512 3945 746 4027 aggrederetur,
763 3945 885 4023 quaeso,
902 3963 976 4002 num
991 3940 1154 4020 sophisticis
1166 3961 1216 4002 nu·

160 4029 184 4090 la
204 4019 351 4084 instrludt
371 4025 530 4106 ingenium
550 4027 560 4084 i
588 4043 662 4085 num
679 4025 880 4086 Aristotelicis
900 4023 1057 4082 decretis?
1085 4043 1154 4086 nuto
1174 4024 1216 4085 hie

162 4110 234 4168 tiam
249 4106 468 4190 ndgacioribua
483 4108 602 4192 nugis?
635 4107 775 4168 Minime.
817 4103 901 4188 Quid
916 4103 1016 4186 igitur
1034 4105 1044 4162 i
1077 4105 1214 4167 inestima-

164 4191 196 4248 ili
211 4187 320 4248 sudore
334 4189 431 4248 trium
447 4189 624 4272 linguarum
641 4189 787 4266 peritiam
803 4186 856 4246 s1bi
870 4187 1076 4264 comparavit,
1104 4207 1215 4267 quarum

166 4267 193 4331 ai
208 4271 345 4350 ig'narus,
367 4287 431 4328 non
447 4275 612 4334 theoloo‘ua
626 4269 680 4344 est,
702 4265 754 4328 sed
774 4270 873 4328 sacrae
893 4269 1071 4356 theologiae
1086 4270 1213 4345 violator,

168 4349 506 4426 :vera-martimum
575 4349 643 4411 ibus
665 4351 775 4426 illotis,
797 4349 1019 4410 rem-omnium
1042 4353 1163 4418 maini
1174 4353 1213 4436 st:

170 4455 220 4497 aut
238 4453 303 4496 non
319 4429 450 4518 traslat,
471 4439 522 4539 sed
536 4432 700 4526 profanat,
721 4435 918 4518 conspurcat,
938 4431 1073 4525 adulat&
1113 4485 1116 4492 .
1331 4472 1335 4516 ,

1330 4561 1335 4618 l
