2908 4832
174 217 230 327 36
356 216 360 223 ’
539 223 603 310 Dc
635 225 803 309 Genuina
828 225 1069 332 Antiquitate

240 427 401 507 Verum
424 422 597 532 quidem
631 425 703 522 est,
740 427 944 535 pleraque
976 425 1126 536 scripta
1159 425 1320 508 Rabbi·

180 575 336 632 nornm
362 545 446 628 fine
480 547 647 656 punilis
676 571 846 634 exarata
867 548 1035 645 effect
1065 549 1319 658 plerumque

182 667 307 750 facile
328 669 538 774 alinguae
558 672 773 753 Hebraeae
792 674 935 778 peritis
951 674 1033 782 legi
1047 669 1181 779 polica
1199 699 1321 781 prae·

128 867 131 874 ,
183 791 326 873 sertim
349 792 403 870 ab
425 792 473 880 iis
492 795 565 903 qui
585 793 695 875 l'acra
714 795 852 884 Biblia
868 823 976 902 ,curn
1012 793 1174 901 punills
1197 823 1320 880 voca·

184 915 297 994 libus
315 914 476 1022 saepius
500 917 696 1022 legerunt
718 949 728 996 ε
770 919 850 997 Sed
870 921 977 998 ratio
1001 918 1057 1002 est
1079 919 1318 1026 perspicua,

181 1036 281 1144 quia
310 1035 354 1118 hi
380 1038 566 1120 Rabbini
590 1039 664 1122 diu
712 1045 798 1146 poll
819 1039 967 1122 Mosen
998 1042 1051 1124 ad
1068 1042 1322 1122 evitandum

181 1157 342 1266 pundla
379 1161 553 1256 vocalia,
587 1162 822 1268 unicuique
853 1163 946 1243 voci
970 1165 1236 1270 appingendi
1266 1165 1326 1244 la·

183 1283 350 1377 borenr,
375 1310 462 1368 non
489 1283 668 1391 semper,
701 1286 770 1368 led
791 1289 834 1366 in
864 1287 1040 1366 vocibus
1072 1285 1328 1372 difficiliori·
1436 1297 1438 1372 4

92 1491 95 1500 ¹
183 1398 1165 1507 bus‚licerasnlocon'aet0,22'2iecelru'
1188 1433 1326 1505 occu,

185 1530 491 1638 apposuerunt,
509 1549 558 1616 ut
576 1533 627 1619 D.
641 1532 1151 1640 Hagiusaliiqueclocent.
1168 1531 1330 1617 Rabbi·
1435 1559 1438 1566 ’

1282 1656 1330 1737 ni

182 1785 309 1850 noscere
322 1786 483 1858 rideatur3
505 1791 644 1870 quamvis
658 1789 735 1850 alias
748 1809 787 1849 ca
807 1809 863 1848 nec
884 1788 999 1849 idonea
1013 1763 1129 1852 nedma
1145 1789 1335 1855 universalia

184 1868 363 2010 subsidialiad
376 1871 524 1954 legendos
537 1873 585 1934 rel
596 1874 692 1934 libros
702 1871 894 1945 biblicus,rel
904 1871 999 1932 etiam
1013 1871 1206 1946 Rabbinicos,
1219 1873 1334 1952 ubique

186 1966 301 2012 conten
337 1965 361 2012 t.
1438 1967 1439 1970 ’

228 2033 495 2114 Fateturoquidem
511 2034 872 2108 uuxcorfiur,nabbinica
885 2055 947 2094 non
965 2037 1116 2113 punelata
1129 2033 1251 2093 facilius
1266 2031 1331 2114 legi

186 2137 280 2196 quarn
295 2116 409 2176 librum
425 2118 574 2177 Biblicum
589 2115 651 2176 line
664 2117 786 2198 punctis
798 2145 806 2184 ;
819 2117 891 2196 quia
905 2118 995 2193 saepe
1010 2117 1042 2176 in
1054 2116 1142 2174 libris
1153 2115 1334 2186 Rabbinicia

186 2196 429 2265 haeliterae’lii
445 2202 513 2258 loco
524 2199 674 2257 vocalium
683 2197 913 2259 substituantur.
936 2204 958 2234 “
968 2198 1048 2258 Hine
1058 2197 1117 2280 (aic
1126 2195 1285 2274 Buxtorf.)
1297 2211 1342 2256 ut·

152 2311 158 2328 r
189 2285 215 2318 “
236 2278 339 2337 dicere
351 2280 443 2348 ausam
452 2301 500 2340 me
513 2282 605 2358 hujus
613 2278 661 2336 rei
676 2278 766 2338 causa
773 2279 948 2356 promptius
960 2291 993 2337 et
1004 2279 1118 2337 certius
1132 2279 1283 2340 leaurum
1299 2301 1334 2338 a,

189 2367 214 2405 ⁴‘
233 2362 350 2456 liquem
366 2361 569 2426 Rabbinicum
581 2379 739 2442 nunquam
750 2360 827 2420 mihi
834 2374 927 2420 antea
937 2361 1047 2435 visam,
1064 2361 1275 2438 quarnlibrum
1285 2361 1333 2422 bi·

191 2447 215 2480 “
237 2443 352 2501 bhcum
364 2463 425 2502 non
441 2446 625 2521 punelatum
640 2441 720 2501 mihi
732 2456 855 2514 notum,
880 2456 914 2502 ct
927 2439 1045 2524 saepius
1060 2456 1153 2502 antea
1165 2443 1280 2502 lectum
1297 2459 1334 2506 et

190 2529 216 2563 “
235 2526 420 2585 relertumss'
435 2523 532 2584 Addit
543 2515 619 2592 alias
631 2521 787 2584 rationes:
807 2529 829 2560 “
841 2524 934 2583 Stilus
957 2524 1019 2606 (ait
1031 2521 1100 2600 ille)
1118 2523 1160 2583 est
1177 2523 1332 2588 diversus:

190 2612 215 2644 “
236 2605 369 2665 Rabbini
383 2607 431 2665 uei
445 2605 546 2665 solent
560 2605 639 2684 stylo
653 2605 748 2684 plano
762 2618 795 2664 et
808 2605 925 2683 pleno,
943 2625 1043 2684 neque
1057 2619 1107 2663 tot
1121 2605 1259 2664 hiatibus
1279 2623 1338 2668 aut

192 2693 217 2726 “
237 2686 392 2765 ellipfibus
406 2689 513 2759 inciso,
541 2689 595 2760 lec,
638 2687 740 2764 stylus
761 2707 836 2748 vero
862 2687 1002 2762 biblicus,
1030 2685 1223 2748 fihilloricos
1243 2688 1335 2767 quos-

192 2775 217 2814 ⁴‘
237 2767 309 2828 darn
322 2769 418 2838 libros
431 2769 576 2846 excipias,
601 2769 643 2832 est
657 2771 811 2844 nervosus,
840 2769 987 2841 concisus,
1000 2764 1205 2840 abbreviatus,
1220 2770 1335 2848 ellipsi-

192 2857 217 2888 “
238 2852 305 2926 bus,
320 2851 569 2928 trajeciionibus,
592 2867 626 2912 ct
648 2852 718 2910 aliis
744 2853 765 2910 li
809 2851 851 2908 rie
865 2851 1015 2921 constans,
1031 2851 1063 2908 'nr
1090 2851 1176 2910 libris
1201 2852 1349 2919 unanime·

196 2939 221 2971 “
243 2933 472 3013 propheticis,¹'
490 2942 545 3002 ere.
560 2933 633 2995 Vid.
653 2933 765 2995 Buxtor
781 2931 790 2990 ’.
806 2933 839 2991 de
856 2932 959 2991 Penei.
976 2933 1120 3012 Antiquit.
1132 2947 1164 3009 p.
1183 2947 1251 3006 370.

235 3015 293 3074 Sed
322 3035 386 3084 nou¹
414 3029 539 3074 tanturn
560 3013 592 3074 in
611 3014 765 3074 salebr'oso
783 3013 839 3076 illo
855 3013 923 3071 loco
940 3015 1081 3085 zebaris,
1111 3013 1276 3072 sedetiam
1301 3015 1337 3078 in

194 3096 387 3158 Maimbuide
412 3099 537 3155 aridiore
561 3098 662 3158 nnrlto
672 3095 827 3169 faciliore,
851 3095 1011 3171 Capellum
1036 3094 1339 3156 crrill'enotatliux·

193 3181 323 3245 sarlius:
351 3184 374 3218 “
390 3177 490 3256 Testis
504 3177 547 3236 cst
572 3179 636 3256 ipse
658 3179 812 3236 revelator
838 3175 942 3260 (addit
964 3178 1150 3250 Buatorsrua,
1164 3197 1275 3256 nempe
1296 3177 1339 3238 de

195 3263 228 3308 “⁵
241 3259 415 3322 neceffitate
429 3257 633 3338 punctorum)
648 3259 774 3340 linguae
789 3258 949 3316 Hebraeae
960 3277 1016 3335 per
1030 3260 1146 3318 multos
1156 3277 1253 3320 annos
1266 3279 1340 3336 pro·

199 3349 224 3380 “
244 3342 345 3410 fellbr,
361 3363 422 3421 quo
436 3341 590 3401 neminem
600 3359 734 3419 unquam
749 3339 815 3399 vidi
831 3338 984 3398 rationem
999 3339 1126 3419 legendi
1138 3338 1199 3402 fine
1214 3343 1342 3418 punctis
1437 3341 1440 3366 ”

197 3431 222 3463 ‘¹
242 3425 342 3505 magis
356 3426 549 3489 elevantem
574 3435 606 3479 et
621 3435 725 3479 tamen
738 3441 841 3498 nuper
855 3419 931 3477 duas
945 3421 1054 3479 tertias
1069 3421 1181 3500 capitis
1196 3423 1287 3482 unius
1300 3444 1342 3486 ex

198 3513 223 3545 “
244 3503 446 3576 Maimonidc,
461 3503 633 3579 etquidem
654 3504 749 3582 longe
764 3501 919 3574 facillimi,
936 3501 1084 3573 vertill'et,
1101 3504 1278 3582 aliquoties,
1308 3506 1361 3566 et‘
1438 3545 1439 3550 κ

195 3593 219 3637 ‘-‘
241 3588 375 3670 quidem¹
392 3587 426 3658 in
442 3585 536 3648 tertia
551 3581 653 3648 statim
668 3603 754 3655 voce,
769 3583 912 3661 impegit,
938 3582 1018 3642 falsa
1037 3583 1086 3643 illi
1100 3589 1217 3662 puncta
1237 3585 1340 3664 appli-

195 3673 219 3708 “
242 3691 314 3730 cans
328 3681 361 3740 et
375 3681 545 3745 apponens,
584 3662 669 3745 Quid
692 3665 792 3744 igitur
805 3669 905 3737 licre-t,
930 3665 953 3724 fi
967 3667 1091 3744 integer
1110 3667 1164 3726 ille
1178 3668 1258 3726 liber
1271 3688 1342 3728 ver·

197 3757 222 3814 “.
242 3752 353 3812 tendus
367 3749 461 3820 soret,
476 3745 588 3822 stylum
613 3745 727 3804 habens
742 3743 854 3812 durum
868 3761 901 3808 et
924 3747 1073 3818 scabrum,
1100 3747 1122 3806 fi
1137 3749 1342 3827 propheticus

198 3840 222 3874 ¹‘
244 3832 357 3912 aliquis
382 3829 462 3889 liber
476 3847 565 3904 quern
579 3829 763 3904 pandatunr
779 3847 937 3903 nunquam
954 3827 1096 3888 viclillctl
1129 3835 1241 3899 Annun
1258 3833 1338 3892 Doc-

199 3921 222 3954 “
244 3913 348 3977 tillimi
363 3911 493 3969 fuerunt
503 3907 636 3966 Hebraei
654 3911 741 3968 LXX
756 3909 891 3966 Gracci?
914 3911 992 3968 Sane
1003 3909 1035 3967 id
1050 3909 1114 3988 ipse
1127 3913 1281 3970 revelator
1293 3913 1341 3972 fa·

198 4005 221 4041 “
243 3997 303 4057 teri
318 4005 447 4074 cogetur
460 4015 469 4056 ;
490 4002 643 4048 ettamen
657 3988 713 4068 ipfi
727 3992 915 4068 punctorum
929 4005 1094 4050 novatores
1110 3995 1223 4052 docent
1238 4007 1270 4052 ct
1294 3993 1342 4054 fa·

198 4086 221 4118 ⁴‘
243 4091 364 4145 teritur,
379 4093 417 4131 ex
432 4069 568 4130 absentia
581 4074 780 4156 punc‘lornrn,
808 4073 896 4150 saepe
910 4072 981 4130 illos
997 4074 1088 4132 aliter
1102 4073 1214 4154 legisti,
1245 4095 1340 4154 quana

198 4165 222 4200 ‘¹
242 4155 409 4239 legendam
422 4167 508 4212 crat:
539 4166 604 4223 aut,
625 4171 666 4212 an
680 4153 751 4212 illos
772 4151 884 4233 ubique
904 4153 1073 4228 excusabit,
1094 4173 1260 4216 attextum
1276 4159 1339 4216 He·

199 4249 222 4280 “
244 4243 368 4300 braeum
383 4233 548 4306 accusabit,
565 4233 620 4292 ubi
629 4231 839 4310 discrepantia
853 4235 1036 4314 reperitur?
1067 4238 1098 4296 Si
1113 4237 1169 4296 illo
1179 4239 1244 4314 jam
1258 4251 1340 4298 tem·

198 4329 222 4360 “
242 4339 330 4402 pore,
345 4321 404 4376 boc
417 4313 471 4386 est,
482 4314 535 4372 vix
548 4329 672 4374 centum
688 4315 755 4393 post
769 4311 982 4394 captivitatem
998 4317 1214 4396 Babylonicum
1237 4321 1339 4396 annis,

198 4407 222 4442 ⁴‘
242 4419 274 4464 et
289 4403 371 4459 inter
386 4395 599 4470 tantcsriros,
628 4415 750 4456 errores
765 4397 954 4472 inciderunt,
983 4397 1060 4478 quid
1076 4399 1219 4460 futurum
1236 4397 1342 4462 suiss’ec

195 4491 219 4540 n
243 4483 369 4568 aliquot
383 4477 451 4562 poli
466 4477 551 4558 ipsos
565 4478 685 4566 seculis,
699 4493 732 4546 et
746 4477 796 4562 iis,
813 4478 867 4562 qui
880 4481 967 4545 naua
983 4480 1106 4554 ratione
1120 4501 1190 4544 cum
1208 4481 1263 4562 ipsi
1276 4484 1338 4542 linss
