2924 4832
291 184 561 268 Ltnouu
595 182 940 282 Anauros,
983 181 1070 278 dyc.¹
1195 185 1250 290 t7'

100 387 221 472 bicae
254 415 371 487 vero,
406 418 516 499 quae
550 391 643 496 plus
664 367 812 500 ¹potest
843 388 1078 500 polletque,
1112 413 1245 496 quare

107 513 206 594 haec
230 511 415 594 affinitas
441 516 710 619 negaretur?

163 633 285 718 Abfit
307 657 449 716 tamen
473 664 497 715 a
520 637 657 729 nobis,
693 635 757 716 uti
788 633 981 741 linguam
1016 631 1246 717 Arabicam

16 807 18 832 ι
44 797 52 820 ·
104 757 337 840 amaternit
355 761 540 866 puritate
561 753 829 864 degener-affe
852 779 1067 864 putemus,
1090 757 1246 864 eodeni

103 878 188 967 feri:
212 880 341 960 modo
362 907 451 988 quo
473 881 759 986 Hispanicum,
795 879 1001 970 Italicam,
1022 896 1079 978 et
1113 879 1247 961 Galli·

104 1029 196 1082 cam
220 1002 420 1084 dialefios
442 1031 465 1082 a
488 1003 611 1110 stirpe
634 1002 784 1084 Latini
807 997 1024 1109 pullulaffe
1047 1021 1090 1079 et
1113 1000 1245 1108 dege·

105 1121 262 1204 nertffe
282 1125 491 1206 novimus.
527 1123 675 1232 Longe
691 1127 813 1206 aliter
831 1123 901 1206 hic
918 1150 982 1203 res
996 1121 1075 1226 sese
1094 1122 1245 1219 habet3

106 1269 146 1328 et
181 1246 261 1326 hoc
294 1250 495 1328 omnibus
528 1248 693 1354 patebit
735 1244 1011 1355 qui'dialet‘ii
1046 1266 1246 1330 naturam

106 1368 482 1451 confideraverint.
516 1369 743 1452 ‘Dialecius
765 1370 879 1450 enim
905 1368 1009 1450 nibil
1032 1367 1149 1450 aliud
1171 1371 1246 1466 est,

104 1517 232 1596 quam
256 1492 396 1572 ,unius
427 1493 600 1598 linguae
629 1491 807 1573 variatio
831 1486 997 1576 tannim
1020 1491 1177 1574 extima
1200 1513 1246 1574 et

103 1614 391 1710 accidentalis,
415 1641 526 1722 quae
548 1616 600 1695 ad
624 1615 839 1696 internam
861 1615 952 1724 ejus
974 1614 1248 1699 substantiam

101 1761 189 1816 non
227 1737 432 1844 pertinet,
475 1738 543 1818 sed
576 1735 909 1818 fundamentum
947 1738 1164 1844 integrum
1203 1759 1248 1822 et

102 1857 318 1940 illibatum
351 1863 571 1942 conservat
595 1891 605 1939 ε
649 1862 741 1940 Hoc
763 1861 877 1940 enim
901 1880 1121 1966 corrupto,
1137 1860 1263 1952 'cnon'

102 1982 288 2090 amplius
310 1980 512 2062 dialeuus
534 1983 630 2079 erit,
660 1981 729 2061 sed
755 1981 892 2089 spuria
914 1981 1091 2074 soboles,
1115 1982 1251 2100 qualis

103 2104 159 2182 est
190 2102 340 2186 reveri
368 2105 589 2200 Italorum,
617 2104 697 2212 ‚qui
719 2104 917 2210 Latinam
940 2103 1149 2210 linguam,
1184 2089 1278 2190 ὶιί·1

100 2224 347 2308 vafionibus
371 2227 659 2308 Barbarorum
682 2249 886 2333 tanquam
910 2255 933 2306 a
954 2223 1248 2327 fundamentis

16 2423 17 2432 Ν
99 2346 183 2428 suis
207 2349 473 2442 convulsam,
495 2349 590 2456 plus
608 2347 798 2429 minusve
820 2371 1102 2456 corruperant
1120 2371 1250 2458 atque

102 2468 414 2555 adulterirant.
461 2473 626 2552 Natura
658 2469 772 2551 enlin
806 2473 1006 2552 omnibus
1038 2497 1091 2551 ex
1123 2467 1249 2556 variis

103 2591 376 2694 Graecorum
399 2593 585 2675 dialetiis
608 2593 827 2702 perspicua
850 2595 903 2672 eli
932 2592 1004 2707 (o).
1199 2682 1202 2690 A
1226 2589 1230 2594 ⁶

164 2716 266 2809 Sed,
301 2714 512 2796 affinitate
546 2717 762 2823 utriusque
794 2717 966 2826 linguae
998 2719 1043 2798 in
1073 2717 1252 2826 origini-

101 2825 182 2916 bus
216 2865 364 2918 rerum
398 2839 611 2934 concel'si,
646 2839 888 2946 objiciatur,
924 2835 1170 2946 Quomodo,
1204 2845 1252 2927 in

100 2957 240 3068 longo
285 2959 525 3050 seculorum
563 2962 757 3056 decurlit,
803 2962 1070 3070 volubilique
1108 2991 1254 3084 rerunt

617 3079 642 3132 ³*
674 3086 709 3165 C
951 3081 1280 3185 inconstantii,¹
1369 3115 1374 3122 ⁴

142 3233 187 3317 (ο)
212 3237 379 3298 maleum
393 3237 526 3299 efficitur
540 3257 599 3318 per
613 3240 821 3302 mutationem
836 3239 1003 3320 quandam,
1024 3241 1095 3320 quai,
1116 3239 1254 3304 medullai

16 3367 17 3384 ,
103 3312 237 3392 intacti,
257 3319 388 3398 aliquod
398 3319 583 3380 discriminis
594 3321 755 3385 inducitur
765 3323 800 3380 in
814 3321 928 3396 literis,
944 3321 1113 3394 vocalibus,
1128 3341 1254 3381 vocum-

16 3407 17 3412 ’
101 3399 164 3473 que'
184 3399 467 3477 pronuntiatione.
508 3402 625 3462 Catrlae
650 3405 762 3461 harum
790 3405 978 3464 varietatum
1005 3403 1142 3461 diversae
1169 3403 1253 3482 sunt,

101 3479 208 3560 quales
226 3483 402 3562 temperies
416 3483 497 3542 a'c'ris
513 3484 546 3541 in
563 3503 623 3561 quo
641 3483 769 3558 vivitur,
786 3487 851 3563 qui,
867 3483 889 3544 st
905 3484 1084 3558 cralllorsrt,
1101 3483 1202 3566 asperi
1217 3505 1255 3546 ac

101 3559 247 3622 rudiores
263 3563 478 3622 adsciscuntur
493 3563 578 3631 soni;
600 3563 643 3622 lin
660 3565 815 3638 subtilior,
830 3565 990 3624 molliores
1005 3579 1039 3625 et
1054 3562 1257 3626 delicatiores

90 3639 212 3717 'sponte
233 3643 412 3703 deveniunt
433 3645 525 3711 soni3
557 3644 755 3724 ipsorumque
775 3647 938 3706 hominum
956 3655 1277 3726 temperamentum*

101 3719 209 3782 iisdem
225 3745 267 3783 ex
328 3725 336 3740 '
361 3725 452 3804 cipiis
466 3740 584 3799 ortum,
610 3729 639 3786 se
660 3728 695 3786 in
714 3741 835 3806 partem
856 3728 1038 3808 politiorem
1058 3729 1110 3786 vel
1127 3729 1254 3806 impoli-

101 3799 215 3863 tiorem
288 3825 392 3866 erens.
415 3807 545 3867 Accedit
555 3807 651 3868 etiarn
666 3809 793 3890 linguae
805 3809 965 3870 Hebraeae
975 3807 1144 3884 mobilitas,
1161 3831 1256 3889 quam

102 3885 338 3960 proctiviffime,
353 3885 388 3946 in
398 3886 564 3948 literarum
578 3889 750 3949 vicinarum
760 3890 941 3969 praesertim
945 3935 955 3966 ,
971 3905 1027 3950 aut
1037 3891 1256 3972 uniusnorgani

102 3969 388 4028 commutationem
403 3967 467 4029 fine
481 3971 546 4032 ulli
559 3969 751 4044 intentione,
771 3971 929 4046 delabens,
949 3969 1118 4051 aliquando
1134 3973 1206 4032 euri
1222 3987 1257 4036 et

105 4041 258 4107 induſtrii
299 4051 343 4110 ui
361 4049 420 4109 hoc
440 4051 540 4130 ipsum
553 4049 620 4129 jam
642 4047 790 4133 eaiptatur
804 4067 953 4133 tanquam
968 4057 1018 4113 vel
1035 4042 1190 4113 venustius
1205 4055 1258 4117 vel

86 4121 232 4218 ‚ffigffius
293 4143 456 4207 optatur:
490 4133 666 4212 Aliquando
691 4138 768 4196 haec
789 4135 925 4196 mutatio
950 4155 988 4196 ex
1011 4134 1110 4196 vocali
1131 4153 1256 4213 pennu·
1282 4180 1288 4195 .

105 4215 189 4276 tata,
203 4207 253 4270 vel
268 4232 309 4272 ex
325 4211 459 4274 leviculis
473 4215 581 4273 utrius
595 4235 633 4274 ue
645 4217 759 4277 vocalis
774 4217 971 4296 trajectione,
988 4237 1028 4276 ex
1042 4218 1260 4286 contradione

16 4303 18 4370 l
108 4285 161 4343 vel
182 4291 391 4362 modunione
412 4295 546 4368 formae,
567 4317 585 4356 o
607 4297 715 4366 tinet;
743 4301 833 4379 saepe
853 4300 949 4360 etiarn
968 4299 1004 4358 fit
1024 4297 1149 4357 consilio
1168 4313 1200 4356 et
1221 4321 1261 4362 ex

16 4371 22 4493 Ι
106 4364 273 4445 industrii,
303 4373 471 4454 saepillrme
492 4376 589 4438 etiarn
608 4398 646 4438 ex
665 4395 796 4443 accentu
815 4403 834 4442 a
851 4385 938 4461 cujus
959 4394 1041 4440 nutu
1063 4379 1164 4438 omnis
1184 4397 1259 4454 pro·
1352 4383 1356 4388 '

106 4449 272 4536 muttiatio
285 4453 417 4536 pendet.
459 4455 533 4521 Vid.
550 4457 807 4555 SchultenfiOrig.
825 4463 915 4531 Hebr.
937 4465 994 4527 vol.
1012 4464 1051 4525 11.
1068 4467 1102 4539 p·
1121 4453 1174 4532 20,
1192 4473 1245 4520 21.
1317 4543 1320 4556 .
1368 4469 1432 4505 Α

16 4721 18 4732 t
