2924 4832
287 215 336 358 Ῥ
408 252 456 355 u'
510 269 558 353 rt
620 263 654 352 1³
708 255 756 351 ,Α
819 263 860 350 τ
919 269 952 351 1·
1007 271 1062 351 o.
1158 251 1271 354 extu*

147 503 156 516 '
191 483 400 590 Denique,
436 473 688 558 dodiliimus
717 470 855 556 Louth
879 474 1088 569 observat,
1122 471 1194 554 vix
1221 498 1272 558 ao

136 603 184 686 ne
204 606 276 685 vix
297 607 471 714 quidem
495 597 584 680 fieri
610 595 733 706 polle,
770 619 818 678 ut
852 597 933 678 ulla
970 598 1271 706 interpretatio

15 797 17 832 ἱ
130 751 357 834 germanos
379 727 592 806 sacrorum
618 744 760 802 vatum
792 719 928 800 sensus
959 719 1083 828 plane
1105 747 1274 829 reprae-

131 851 283 946 sentet,
320 870 579 950 tenuemque
604 869 715 938 eam,
751 869 861 949 quae
884 844 1140 950 plerumque
1161 843 1273 923 obti-

134 995 203 1053 net
245 973 485 1079 imaginum
525 993 621 1045 cum
656 965 949 1046 Hebraeorum
987 969 1129 1058 rebus,
1169 979 1292 1046 con·'

133 1096 362 1174 nexionem
388 1093 475 1172 ullo
500 1091 627 1167 modo
651 1089 879 1196 exprimat.
933 1089 1093 1168 Pendet
1116 1088 1197 1167 hoc
1219 1113 1274 1170 ex

132 1215 230 1324 lpfis
247 1216 488 1306 vocabulis,
504 1235 545 1289 et
564 1209 759 1317 persaepe
775 1238 826 1290 ex
846 1211 1155 1291 consuetudine
1172 1212 1276 1317 qua·
1333 1289 1338 1294 .

134 1339 249 1428 dam,
279 1367 325 1420 ac
350 1327 481 1417 veluti
504 1333 804 1427 familiaritate,
838 1361 965 1440 quam
989 1355 1129 1414 certae
1153 1345 1276 1417 voces'

133 1487 231 1540 cum
256 1455 382 1542 certis
406 1460 530 1540 rebus
553 1477 864 1537 contraxerunt
888 1489 900 1551 3
933 1471 1148 1565 quamque
1170 1457 1277 1538 sem·

571 1582 576 1595 '
977 1688 979 1694 Ι
1199 1609 1277 1690 pet·

168 1739 271 1798 Series
286 1751 320 1798 et
333 1737 451 1798 vicinia
463 1733 630 1794 verborum
651 1732 743 1812 plani:
764 1731 904 1792 declarat
918 1733 1013 1793 verba
1028 1735 1183 1795 Hebraica
1205 1695 1277 1808 931

129 1814 247 1940 [pl-732
264 1843 373 1956 iim}
388 1851 478 1932 'thae
502 1845 661 1922 pertinere
677 1845 717 1903 ad
733 1845 890 1930 arborem,¹
909 1829 973 1904 non
988 1844 1029 1905 ad
1044 1817 1186 1905 homines
1201 1812 1277 1905 doc-⁸

129 1961 237 2021 trinae
253 1957 381 2020 divinae
402 1969 542 2016 amantes
558 1969 650 2034 atque
666 1954 795 2033 cupidos
810 1981 818 2021 ;
845 1973 974 2033 quornm
990 1969 1096 2018 tamen
1111 1955 1278 2018 felicitatis

125 2044 279 2120 propriae
299 2053 334 2099 et
353 2053 534 2117 perpetuae,
559 2057 638 2116 quae
653 2035 781 2096 subinde
797 2037 924 2110 crescat,
948 2037 1043 2099 arbor
1058 2039 1116 2098 illa
1129 2039 1277 2116 plantata

120 2125 217 2200 juxta
228 2125 316 2184 rivos
325 2119 493 2259 imafinest.
516 2117 606 2178 Vidit
617 2121 675 2177 hoc
685 2116 858 2178 Chaldaeus
870 2119 1097 2197 paraphrastes,
1114 2140 1175 2198 quo
1184 2139 1275 2197 prae.
1322 2177 1327 2184 ,

124 2217 238 2280 eunte,
255 2199 388 2262 veristtni
414 2203 511 2260 imum
522 2199 610 2258 nobis
621 2199 757 2272 videtur,
774 2200 874 2258 verbis
886 2205 990 2274 ,Ἴων’
1003 2207 1091 2272 w&
1104 2181 1184 2272 5311
1228 2198 1279 2264 ati

120 2291 274 2366 germine,
292 2296 325 2342 et
337 2261 462 2354 ΓΡἪΠ
479 2283 576 2340 valere
592 2286 764 2356 autorem,
777 2283 892 2360 florere,
909 2296 965 2357 aut
980 2283 1168 2362 maturescere
1172 2221 1251 2364 fidit
1260 2311 1275 2354 ρ

126 2379 165 2424 ut
184 2367 293 2440 sensus
307 2362 355 2434 stt,
380 2365 466 2440 cujus
505 2363 625 2421 ermina
643 2363 739 2421 etiam
754 2363 860 2422 omnia
874 2363 982 2442 vigent
998 2384 1032 2422 ac
1048 2365 1172 2424 florent.
1214 2369 1276 2424 Vo·

124 2461 196 2506 tem
218 2445 304 2540 [Ἦ
323 2443 464 2521 usurpari
483 2384 523 2502 de
545 2443 655 2502 arbore
678 2463 756 2523 quae
776 2443 895 2503 fruetus
914 2445 982 2504 suos
1002 2441 1043 2503 ad
1058 2445 1277 2506 maturitatem

124 2555 295 2640 producit,
326 2570 416 2636 patet
438 2579 477 2616 ex
498 2561 609 2617 Ench.
625 2557 700 2616 xvii.
717 2580 747 2638 9.
768 2575 815 2618 10·
846 2519 997 2658 nbyffl
1018 2519 1163 2658 sibim?
1180 2559 1279 2662 mu}

123 2683 153 2729 et
169 2691 211 2727 arr
232 2669 371 2746 plantata
388 2667 602 2748 prosperabitur
617 2671 667 2728 vel
682 2671 882 2746 maturefltet?
913 2649 1005 2726 Plane
1021 2669 1116 2728 etiam
1132 2681 1277 2747 apparet,

123 2771 239 2810 vocem
268 2754 358 2824 nm
384 2751 525 2829 usurpari
548 2751 586 2808 de
608 2751 718 2810 arbore
739 2749 862 2810 ferente
882 2748 1031 2834 frpd'tum,
1057 2749 1105 2809 uti
1128 2761 1218 2826 patet
1240 2767 1279 2809 ex

124 2833 208 2890 Gen.
227 2831 254 2890 i.
275 2851 323 2892 11.
346 2833 386 2889 Et
395 2837 540 2911 germinet
554 2846 633 2890 terra
648 2831 776 2891 arborem
799 2837 862 2900 ’ἹΒ
881 2827 973 2914 'wll
989 2829 1135 2912 serentem
1143 2827 1279 2910 ftulltm

117 2943 288 3022 seeundum
297 2943 421 3022 speciem
429 2944 540 3021 suam5
563 2941 626 3001 vid.
643 2944 740 3004 etiam
755 2963 816 3002 ver.
835 2959 883 3001 η.
903 2939 958 2998 ubi
973 2941 1079 3002 eadem
1094 2940 1212 3021 phraiis
1227 2961 1278 3000 oe-

126 3049 245 3112 currit.
281 3051 316 3106 lu
332 3046 442 3107 Ezech.
455 3043 532 3106 xvii.
547 3047 577 3104 8.
599 3065 660 3104 vox
677 3043 769 3141 ngly
787 3043 904 3104 dicitur
919 3041 958 3103 de
973 3045 1039 3106 vite
1056 3045 1179 3145 ferente
1195 3045 1280 3106 fruc·

73 3158 81 3172 “
125 3162 198 3222 urm
213 3187 223 3228 t
248 3155 315 3218 vid.
326 3156 425 3218 etiam
438 3157 605 3216 Ezech.xv.
616 3178 645 3232 4.
663 3170 696 3216 et
713 3177 729 3218 2
744 3143 891 3237 R'egmix.
904 3159 1125 3231 3o.-‚-Versus
1140 3139 1226 3218 lricce
1241 3157 1282 3219 lie

10 3259 12 3312 g
126 3263 207 3323 ergo
223 3241 311 3299 verti
326 3238 466 3298 debeat:
496 3243 518 3274 “
547 3245 585 3297 Et
600 3240 663 3298 erit
678 3238 774 3297 instar
790 3235 910 3296 arboris
921 3239 1014 3313 juxta
1028 3240 1113 3298 rivos
1128 3259 1280 3320 aquarum

10 3351 12 3396 2
126 3329 151 3362 “
173 3325 357 3402 plantatae,
378 3337 457 3400 quae
473 3319 609 3379 frudtum
622 3319 708 3379 suum
723 3333 867 3398 tempore
877 3319 931 3376 suo
946 3320 1013 3395 dat,
1034 3336 1068 3380 et
1083 3329 1162 3400 quae
1178 3339 1281 3380 comae

128 3409 153 3442 “
173 3421 341 3482 nunquam
357 3399 461 3480 pon'rt,
483 3415 517 3460 et
537 3401 685 3480 prosper-a
706 3401 819 3460 reddet
842 3400 907 3483 (vel
928 3407 1022 3461 virere
1034 3401 1143 3482 saciet,
1165 3413 1282 3460 marm

128 3489 153 3524 “
174 3483 293 3563 reddet)
318 3481 424 3541 omnia
447 3501 526 3560 quae
550 3483 844 3542 fert.’'--Virtun
860 3481 947 3560 pium
963 3483 1070 3542 arbori
1087 3485 1181 3560 juxta
1196 3483 1282 3543 rivoe

129 3569 316 3646 plantatae,
340 3581 420 3642 quae
435 3582 500 3622 non
515 3563 628 3623 sterilia
644 3564 698 3636 est,
721 3563 773 3624 sed
788 3563 927 3624 frustum
942 3565 1028 3623 suum
1043 3577 1186 3642 tempore
1200 3577 1282 3625 tem·

128 3649 249 3730 pestivo
274 3645 342 3719 dat,
368 3663 506 3725 quaeque
527 3645 647 3724 semper
667 3645 752 3704 viret
772 3665 808 3704 ac
829 3646 927 3727 viget,
948 3659 982 3704 et
1001 3645 1043 3705 ad
1064 3648 1283 3708 maturitatem

128 3733 220 3804 flores
237 3729 310 3788 suos
324 3726 480 3806 perducit,
498 3728 673 3805 comparari
688 3727 780 3806 plane
792 3727 933 3788 constat:
959 3727 1071 3787 Nostra
1084 3730 1158 3787 vero
1173 3727 1283 3806 versio,

127 3809 371 3872 sonilitudinem
396 3807 517 3868 arboria
540 3806 579 3866 fic
603 3811 777 3886 plantatae,
808 3829 877 3869 eum
902 3809 1112 3888 descriptione
1136 3811 1197 3870 viri
1223 3811 1283 3890 pii,
1370 3829 1373 3848 ·

126 3907 244 3954 eontra
268 3889 349 3949 sacri
369 3889 529 3970 scriptoris
550 3906 700 3965 mentem,
721 3891 801 3950 mele
822 3889 966 3960 miscuit}
988 3905 1023 3952 et
1037 3890 1076 3951 fic
1091 3889 1283 3955 reddidere:

128 3979 151 4014 “
176 3973 250 4035 And
272 3973 314 4030 he
333 3969 408 4033 lhall
428 3973 468 4030 be
486 3971 553 4030 like
573 3992 593 4031 a
612 3985 680 4031 tree
699 3970 830 4050 planted
849 3973 892 4053 by
912 3975 966 4034 the
986 3974 1085 4034 rivere
1100 3973 1140 4032 of
1156 3961 1284 4047 v'tatert,
1373 4011 1381 4020 ·
1417 3999 1422 4008 ·

130 4057 155 4092 “
176 4055 239 4114 that
260 4052 413 4132 bringeth
432 4053 522 4112 forth
542 4053 584 4110 hir
605 4053 687 4112 fruit
706 4053 740 4112 in
761 4053 805 4112 his
824 4054 953 4123 season;
976 4055 1019 4114 his
1039 4055 1110 4115 leaf
1125 4055 1188 4115 also
1208 4057 1286 4116 strall

129 4141 155 4174 “
176 4149 237 4195 not
255 4135 387 4208 wither,
418 4134 482 4194 and
501 4135 695 4194 whatsoever
714 4133 748 4208 be
768 4135 847 4198 doth
865 4134 942 4198 thall
962 4137 1286 4218 prosper.''-Cuique

132 4215 237 4276 lorum
252 4215 466 4296 perpendenti
481 4217 617 4295 patebit,
638 4217 757 4276 sacrum
779 4221 907 4279 Poetam
929 4219 981 4279 hie
1003 4220 1105 4280 virum
1121 4220 1209 4300 pium
1231 4221 1286 4281 llrl»

136 4298 255 4357 arboris
270 4297 410 4380 imagine
424 4295 566 4378 pinxiffe,
583 4312 617 4357 et
630 4295 668 4358 src
683 4299 776 4358 reddi
791 4299 945 4360 debuill’e:
970 4301 995 4337 “
1014 4301 1085 4362 And
1100 4305 1140 4362 he
1155 4301 1231 4360 ssaa'll
1247 4303 1286 4360 be

125 4380 163 4416 ·“
182 4377 353 4440 lilteatree
363 4379 494 4460 planted
510 4379 617 4458 hythe
628 4383 726 4440 rivers
737 4379 910 4456 oswatere,
930 4381 1018 4443 vetet
1034 4383 1134 4462 yielrla
1150 4390 1187 4440 its
1202 4383 1285 4440 fruit

133 4462 162 4496 “
182 4457 219 4518 in
234 4463 272 4515 irs
285 4460 410 4530 fuson-3
434 4468 472 4522 rer
486 4459 556 4521 leaf
563 4461 640 4523 lirall
649 4477 709 4522 not
718 4465 844 4540 wither,
861 4463 923 4523 and
939 4471 963 4522 it
978 4465 1054 4524 lltall
1066 4465 1162 4542 bring
1176 4459 1282 4520 tofull

118 4543 160 4622 “g
177 4536 319 4622 ripenetr
341 4542 510 4630 (eedfhell
521 4546 624 4612 render
634 4544 818 4631 prosperarer)
842 4547 1034 4610 whattbever
1048 4553 1073 4606 it
1085 4539 1254 4616 bearetltss',

1434 4503 1446 4623 l
