2960 4828
168 254 248 336 ³30
304 227 574 308 ccavrs
630 225 1184 314 pentateucon

221 425 260 504 A
280 399 335 515 lli
353 435 441 536 vu
468 427 576 532 otigo
603 422 747 504 ridetur
769 425 806 502 in
831 425 983 503 calidius
1006 425 1200 516 fovendo:
1229 427 1331 512 Hinc

221 543 481 616 murmuravit.
540 535 592 615 To
617 563 786 627 murmur,
818 557 972 616 mutter
991 537 1107 648 secret
1129 541 1202 622 and
1216 537 1333 650 sullen

221 645 419 740 discurrent.
476 647 570 726 Item
605 651 848 751 pernoctavit.
906 643 996 726 Vid.
1025 675 1130 727 num.
1155 677 1168 729 r
1180 676 1273 754 374.

166 757 287 862 2367.
304 761 413 837 Vua.
436 781 457 834 2
462 793 500 874 5.
522 761 637 858 lm!
653 783 673 864 3
690 757 745 862 Pl.
764 789 812 840 m.
834 758 903 862 sut.
934 785 946 834 t
966 755 1018 868 sp.
1049 769 1082 836 A
1101 763 1191 860 Ρῦῷ
1207 762 1329 858 dulce,

223 869 332 947 suave
352 871 439 946 fuit.
498 869 746 976 Tobesuuet.
879 863 906 978 ¹·
1143 863 1149 878 ’

166 979 286 1088 2368.
317 979 438 1083 Qvi?
468 989 590 1069 him,
623 977 679 1060 Pl.
702 977 904 1082 Ε’ῑβῡξθῧ,
935 979 1072 1072 forma,
1102 980 1326 1078 institutum,

221 1095 427 1195 exemplat.
451 1091 496 1174 A
505 1089 604 1195 plan,
623 1095 751 1196 astum
765 1119 805 1202 nr
819 1089 928 1169 model
941 1093 986 1198 of
990 1090 1153 1196 worship,
1168 1093 1325 1202 religion,

219 1201 291 1311 effa
309 1201 476 1309 bttildr'ng,
504 1211 527 1279 n
539 1199 739 1309 prescribrd
753 1202 867 1279 order.
911 1205 1007 1284 Item
1038 1229 1133 1295 mot,
1165 1206 1329 1299 habituS,

219 1319 318 1394 vitae
339 1315 509 1422 agendae
528 1317 637 1391 ratio.
679 1340 715 1392 2.
737 1312 929 1418 Judicium
951 1309 1210 1424 aequiffimum
1230 1337 1329 1397 tem·

218 1445 389 1532 peratum
429 1419 677 1513 humanitate,
707 1429 803 1500 attio
833 1425 1044 1528 judicandi.
1104 1427 1178 1518 The
1210 1426 1343 1535 atlff

217 1535 404 1644 exerciling
423 1535 638 1639 judicatote,
657 1531 852 1642 jndgment,
883 1539 1006 1616 Levit.
1038 1540 1118 1616 xix.
1162 1565 1174 1615 t
1184 1565 1223 1636 5.
1257 1567 1277 1644 3
1285 1565 1323 1644 ς.

216 1649 254 1724 Α
274 1639 365 1746 &9⁴42
389 1659 460 1725 lau
489 1671 594 1752 prop.
622 1651 797 1754 aequavit
823 1645 973 1726 causas:
1002 1649 1324 1752 Hiucjudicavit,

213 1760 274 1860 jus
292 1760 402 1856 dixit.
465 1755 556 1839 Vid.
582 1783 688 1873 nutu·
713 1755 907 1870 ΗΜ).
1319 1759 1322 1768 ‘

397 1871 400 1878 ’
770 1886 774 1894 “
841 1877 847 1888 ”
905 1889 910 1894 ·
1205 1870 1326 1975 2369.

206 2045 249 2128 (c)
264 2045 337 2118 Vox
353 2038 475 2120 town
490 2045 678 2114 definitiones
695 2045 851 2132 praecisas,
873 2067 933 2113 non
949 2061 1064 2114 tautum
1080 2046 1161 2134 leges
1175 2042 1335 2129 aequitatis

162 2132 535 2284 {llllll‘lln‘ll
550 2129 1335 2286 tlllllll”ell‘lllfflttzlllllllssl

161 2238 301 2371 trutinam
319 2267 451 2368 adtones
467 2239 736 2391 compartientur,
750 2243 852 2370 odiit,
881 2311 916 2368 ln
932 2306 993 2368 hoc
1006 2241 1076 2368 lico
1089 2303 1209 2378 &filim
1224 2301 1333 2366 modtt·

163 2389 238 2470 lum,
263 2401 415 2466 normam,
438 2387 499 2454 fi've
514 2391 672 2476 exemplar
688 2393 861 2476 primaevae
877 2391 1033 2478 religionis
1046 2411 1075 2454 et
1089 2391 1186 2453 cultus
1199 2386 1334 2474 patribus

163 2475 265 2542 traditi
290 2494 359 2540 ante
381 2497 446 2539 eam
467 2477 584 2564 legem,
608 2477 779 2562 fignificat:
802 2476 884 2542 Nam
902 2497 962 2542 nou
980 2477 1029 2541 hic
1045 2479 1153 2542 statuta
1169 2473 1232 2540 stve
1247 2472 1333 2550 ritus,

162 2562 312 2646 etjudieia
325 2561 430 2648 scripta
440 2561 519 2626 dedit
532 2565 616 2630 Deus
628 2565 701 2647 (hoc
713 2565 791 2628 enim
846 2563 906 2628 (lea
919 2563 1028 2628 laetum
1042 2563 1185 2652 legimus)
1197 2561 1244 2624 sed
1254 2555 1334 2642 padi

160 2646 346 2714 memoriam
373 2648 526 2713 refricavit
551 2671 618 2714 eum
642 2650 772 2736 patribus
809 2650 886 2715 aeti:
907 2649 1077 2734 Docuirque
1091 2649 1232 2735 populum
1247 2645 1333 2708 Deus

159 2751 217 2818 pet
227 2755 261 2798 os
277 2731 379 2814 Musis,
396 2752 427 2798 ut
441 2734 471 2799 in
484 2734 673 2818 simplicitate
685 2755 714 2800 et
728 2735 915 2810 innocentia,
928 2733 1002 2800 ficut
1015 2737 1090 2800 olim
1103 2751 1212 2821 patres,
1228 2749 1333 2794 euram

159 2815 233 2884 Deo
249 2819 449 2885 ambularent.
494 2819 608 2886 Eadem
627 2823 714 2907 plane
730 2822 846 2886 videtur
865 2821 921 2886 else
942 2821 1122 2910 fignificatio
1136 2819 1222 2902 hujus
1236 2815 1332 2895 vocis,

162 2903 213 2978 ubi
228 2903 311 2971 Deus
326 2897 459 2990 loduitur
475 2908 511 2970 de
528 2908 681 2973 serrol'uo
698 2909 885 2986 Abrahamo,
909 2914 932 2981 5‘
955 2907 1041 2972 Novi
1055 2907 1137 2974 enim
1153 2925 1236 2983 eum,
1252 2903 1332 2988 quod
1469 2913 1471 2940 ¹

162 2994 188 3052 ‘.‘
209 2991 375 3080 praecipiet
389 2991 458 3060 filiis
474 2991 541 3074 suis,
562 3011 592 3058 et
608 2995 711 3078 domui
727 2994 792 3060 suae
808 2995 873 3080 poll
888 2993 927 3073 te,
951 3011 982 3057 ut
998 2994 1163 3060 custodiant
1181 2991 1261 3054 viam
1275 2985 1329 3070 Je-

159 3081 184 3116 “
209 3079 317 3158 horae,
333 3097 363 3144 et
376 3079 574 3164 exsequantur
585 3082 631 3144 uel
644 3079 955 3166 obletvtotjullitiam
968 3077 1104 3156 putrui
1115 3095 1147 3142 et
1158 3071 1337 3152 normam,”

161 3160 317 3251 exemplar
341 3185 452 3251 nempe
469 3155 630 3252 religionis‘
641 3162 797 3253 cultusque
811 3165 904 3231 divini
923 3167 1053 3252 patribus
1068 3164 1181 3248 ipfique
1195 3160 1333 3232 Abraha-

160 3269 214 3314 mo
241 3272 258 3313 a
278 3253 347 3318 Deo
370 3253 489 3316 traditi'
527 3253 619 3318 Pla'ue
637 3253 686 3318 hic
702 3253 835 3320 innuitur
851 3253 1055 3318 Abrahamum
1070 3252 1147 3316 filios
1162 3249 1226 3314 suos
1239 3245 1331 3312 tami-

160 3333 294 3422 liamq'ue
311 3336 422 3402 sensum
438 3355 467 3402 et
483 3337 733 3426 significationem
754 3344 859 3430 horum
878 3335 1091 3403 sacrificiorum
1108 3355 1125 3402 a
1143 3338 1211 3402 Deo
1225 3330 1330 3419 procul

160 3421 253 3487 dubio
271 3421 494 3499 institutorum,
518 3427 692 3490 educturum
709 3423 785 3489 elle':
812 3426 979 3490 absurdum
995 3424 1076 3488 enim
1092 3425 1136 3488 ell
1152 3422 1330 3507 supponere,

159 3508 363 3574 Abrahamum
380 3509 601 3575 beneficiorum
616 3511 736 3575 illorum
755 3533 806 3597 per
819 3509 958 3576 Mediam
976 3511 1080 3596 generi
1096 3511 1229 3574 humano
1245 3517 1330 3591 prae·¹

158 3591 342 3673 liundorum,
357 3595 492 3672 ignarum
510 3595 613 3669 fuillet
637 3589 784 3662 Tellatu'r
798 3598 879 3662 et'rim
897 3598 1047 3664 Dominus
1062 3595 1176 3671 nollet,
1193 3590 1330 3656 Abraha-

159 3697 243 3747 mum
257 3680 400 3770 'gestiville
414 3699 446 3745 ut
461 3683 576 3748 videret
592 3683 670 3747 diem
687 3683 773 3748 istttm
793 3691 906 3761 meum,
921 3695 960 3748 'et
979 3681 1077 3747 vicisse
1100 3691 1134 3745 a‘c
1156 3677 1332 3768 gavisurum

161 3763 228 3847 ell'e,
244 3769 356 3855 Julian.
373 3767 433 3830 viii.
443 3771 494 3851 5'6.
520 3769 679 3855 Apostolus
695 3772 731 3834 ad
748 3769 901 3833 Hebraeos
916 3771 1007 3834 e'tiam
1025 3770 1062 3853 de
1076 3766 1249 3831 Abrahamo
1262 3769 1331 3826 cae:

159 3855 290 3939 terisque
300 3853 432 3939 'patribus
447 3853 585 3936 testatur,
610 3861 632 3893 “
651 3849 921 3921 See'uuduut‘iide'm
939 3855 1048 3920 mortui
1065 3854 1131 3917 sunt
1145 3849 1193 3917 isti
1209 3869 1330 3924 omnes,

161 3947 186 3980 “
210 3963 269 4006 uon
287 3939 385 4024 adepti
402 3941 550 4022 promissa,
573 3936 750 4006 sed'e'tniuus
766 3965 800 4005 ea
814 3940 989 4025 conspicati,
1012 3939 1166 4025 postquam
1181 3935 1249 4023 ipfis
1262 3931 1330 4000 fuis:

162 4031 188 4068 “
211 4027 273 4092 sent
287 4025 427 4112 perlitaltt,
449 4045 479 4090 et
495 4049 532 4092 ea
545 4029 678 4116 ‘amplexi
690 4029 823 4115 militm,
846 4030 914 4092 &es
928 4027 1007 4094 Heb.
1024 4026 1067 4090 xl·
1083 4029 1152 4112 13.'’'
1240 4101 1242 4116 Ι

206 4115 262 4178 Sed
290 4133 374 4178 extat
405 4115 496 4194 locus,
529 4115 577 4178 ubi
600 4115 807 4201 »tentus-tinus
832 4115 915 4178 vocis
939 4127 1025 4177 extra
1048 4111 1170 4178 dubium
1196 4110 1330 4197 ponitur,

162 4201 187 4238 “
209 4197 361 4283 Praecepit
375 4199 474 4284 itaque
491 4201 557 4266 Rex
570 4199 701 4286 ott'yriac
716 4203 793 4267 hisee
809 4200 969 4279 mandatis,
992 4199 1131 4266 deducite
1148 4197 1220 4263 illuc
1237 4217 1330 4260 unum

164 4287 189 4320 “
211 4306 226 4346 e
240 4281 447 4366 sacerdotibus,
463 4307 535 4370 quos
552 4289 734 4353 transtulistis
747 4289 827 4361 inde,
850 4288 898 4372 qui
915 4305 1042 4376 pergant
1053 4293 1089 4351 'et
1102 4285 1235 4349 habitent
1252 4279 1330 4360 illic,

164 4372 188 4405 a
210 4387 240 4434 et
257 4373 383 4438 doceant
398 4391 448 4436 eos
463 4369 581 4445 trualt)
599 4373 740 4458 formam,
762 4373 944 4452 institutum,
966 4393 1118 4459 normam,
1143 4369 1263 4518 modptp
1280 4387 1331 4520 etp

212 4475 235 4488 ··
689 4471 1118 4508 *ww-*¹¹*
1260 4475 1331 4520 eur
