2924 4832
194 41 203 75 Ι

142 206 248 322 ⁷22
316 197 319 204 Δ
385 303 409 344 Ι,
438 227 526 310 ·De
557 227 790 333 Antiquitate
819 246 857 313 et
881 197 1065 315 utilitate

184 453 229 550 et
261 431 342 516 sese
373 457 476 514 eum
506 432 716 542 religione
740 425 1053 516 Multammedis
1075 432 1213 552 seculo
1236 438 1336 529 Vll.

186 553 308 639 AErac
330 554 591 638 Christianae
615 557 859 674 diffundere
883 559 1024 668 coepit
1055 585 1131 666 per
1158 557 1353 643 Palam--
1399 604 1434 616 -·

64 677 67 686 ’
182 705 303 790 nam,
339 678 518 784 Syriam,
549 679 798 788 AEgyptum‚
831 679 1105 775 Chaldaeatn,
1139 683 1335 790 Mesopo«

184 804 382 910 tantiam,
412 799 609 898 Perstam,
642 802 944 900 Choral'anam‚
972 791 1332 910 totumquc'adeo

186 927 435 1020 ¹orientemt
478 927 604 1008 etiarn
639 926 954 1034 per-Africam,
1002 927 1045 1012 in
1085 926 1345 1035 Hispaniam'

186 1075 362 1157 quoque
391 1047 584 1130 fulminis
613 1050 700 1130 ritu
729 1072 987 1157 penetrans,
1010 1049 1142 1157 inque
1165 1051 1332 1160 amplis·

183 1171 291 1255 fimo
314 1167 449 1282 regnu¹
477 1175 781 1266 Morroccano,=
810 1173 1047 1260 etiamnum
1072 1173 1328 1278 perdurans.

185 1293 422 1404 Imperium
441 1296 738 1392 Saracenicum
758 1323 833 1403 pcr
851 1321 986 1382 annos
1005 1317 1217 1379 trecentos
1235 1324 1331 1406 per-

184 1417 387 1500 duravit:
419 1419 510 1498 Hoc
532 1417 661 1498 etiam
685 1417 843 1515 everso,
868 1419 1186 1528 provinciarum
1212 1447 1332 1526 prae«

182 1537 305 1624 settis
327 1540 646 1636 rebellantibus,
685 1539 775 1620 suas
799 1540 1039 1648 provincias
1062 1539 1238 1654 quisque
1259 1569 1331 1623 oc-

116 1701 122 1712 ’
183 1664 376 1772 cupavit.
444 1665 648 1746 Attamen
673 1665 833 1744 Arabes
854 1664 1016 1772 semper
1038 1663 1163 1744 liberi
1184 1697 1196 1760 ς,
1228 1666 1331 1780 quia

182 1804 291 1868 tuuc
314 1786 520 1894 temporis
543 1787 704 1868 Arabes
728 1786 940 1868 Arabibus
961 1787 1250 1894 imperabant.

248 1908 427 1991 Domini
461 1911 590 1991 etiam
621 1897 798 1990 orientis
836 1933 1133 2020 memorantur
1167 1912 1333 1998 Arabes

184 2031 394 2142 usquead
417 2040 579 2114 annum
602 2034 786 2146 Hejyrae
809 2031 833 2116 6
843 2031 910 2132 56,
945 2037 972 2112 i.
996 2061 1028 2112 e.
1065 2029 1185 2118 AErac
1207 2033 1335 2116 Chri«

185 2155 344 2236 stianae
367 2155 608 2264 1270.-·-In
627 2154 778 2238 diebus
796 2155 1008 2249 Saladani,
1033 2155 1233 2237 omnibus
1254 2185 1334 2236 no-¹

186 2297 282 2358 tum
304 2277 377 2372 est,
401 2277 563 2358 Arabes
586 2273 705 2358 fuisse
726 2276 913 2358 liberos:
947 2277 1101 2386 Neque
1124 2279 1330 2360 Tartarus
1417 2275 1426 2286 ’

185 2397 378 2498 Hulaku,
414 2413 556 2508 neque
577 2402 668 2512 ejus
689 2397 953 2495 successores,
987 2401 1147 2482 Arabes
1176 2391 1336 2508 perdo·v

185 2549 335 2606 mucre
354 2557 366 2618 3
400 2523 603 2631 nullaque
622 2523 666 2604 in
685 2521 854 2604 historid
870 2523 1067 2604 orientali
1082 2523 1130 2604 fit
1150 2513 1329 2620 mentio,
1456 2541 1458 2568 ⁴

184 2646 343 2728 Timur
365 2648 455 2757 Beg
477 2647 542 2727 vel
565 2646 718 2728 Timur
739 2647 848 2744 Len,
882 2651 912 2726 i.
936 2673 967 2724 e.
1003 2643 1332 2746 Tamerlanum,

160 2770 349 2854 Arabes
380 2767 628 2878 subjugltlle.
695 2769 907 2876 Denique,
942 2795 1083 2875 neque
1115 2771 1274 2852 Arabes
1307 2797 1333 2854 a

181 2890 341 2976 Turris
373 2891 469 3000 ipsis
501 2917 693 3000 unquam
729 2892 962 3004 perdomiti
994 2889 1149 2986 fuere3
1186 2894 1245 2974 ita
1277 2891 1332 2974 ne
1373 2881 1386 2904 ²

184 3015 271 3126 ipse
305 3015 446 3110 Selim,
489 3013 731 3096 Turcarum
771 3015 971 3096 Sultanus
1007 3015 1331 3120 celeberrimus,

184 3117 392 3257 'Arabiam
413 3139 539 3224 armis
560 3138 830 3250 perlustravit
854 3133 923 3252 ().

157 3479 164 3492 ·
184 3447 313 3512 net-atio
333 3449 392 3529 qud
413 3448 517 3531 gentis
531 3448 603 3526 suae
618 3446 808 3522 conditores,
829 3447 1036 3528 patriarchas,
1055 3447 1333 3527 prosequebantur.

184 3531 224 3595 111
238 3529 423 3612 AEgyptiacal
444 3530 535 3612 gravi
555 3543 589 3589 ct
602 3529 774 3610 longinqui
788 3530 842 3590 illa
857 3531 1018 3602 servitute,
1037 3529 1148 3610 lingua
1164 3529 1335 3606 lsraclitica

183 3609 316 3672 incorru
339 3625 374 3672 ta
393 3613 489 3682 etiam
510 3609 632 3686 mansit,
656 3612 730 3691 quia
750 3613 893 3690 separata
910 3611 1023 3686 veluti,
1044 3613 1077 3670 in
1094 3610 1222 3670 Gosenis
1238 3611 1336 3688 anis,

181 3687 373 3773 respublica,
394 3693 553 3774 patriique
568 3693 704 3752 nominis
719 3707 753 3752 ct
768 3694 917 3754 sermonis
931 3713 1030 3767 antor,
1050 3713 1117 3753 cam
1134 3693 1333 3751 conservave-

182 3787 248 3836 nt.
271 3777 308 3834 ln
319 3774 540 3836 TerriSandtti
555 3775 711 3854 deinceps,
728 3789 858 3836 externa
873 3777 963 3854 saepe
979 3793 1077 3848 att-uta,
1094 3788 1226 3834 externa
1241 3775 1337 3852 saepe-

176 3855 260 3938 jtsga
274 3855 379 3932 subiit,
395 3875 453 3917 nec
468 3871 574 3917 tamen
591 3857 763 3918 diuturna:
789 3857 870 3917 Hinc
885 3858 1005 3934 semper
1019 3859 1080 3916 sese
1095 3877 1112 3914 e
1128 3853 1266 3928 cladibus
1282 3873 1333 3914 re.

182 3937 292 3998 levare
306 3937 419 4013 valuit,
441 3937 541 3999 donec
562 3957 620 4018 per
635 3939 848 4000 calamitatem
866 3939 1086 4017 Babylonicam
1104 3935 1231 3996 tandem
1248 3935 1333 3994 labe-

181 4019 305 4080 factata
319 4019 437 4083 fuerat.
478 4021 561 4081 Hinc
580 4021 708 4080 minim&
724 4022 838 4082 mirum
857 4019 915 4081 else
930 4020 1067 4094 videtur,
1089 4017 1251 4078 Arabicam
1269 4016 1331 4078 lin·

182 4119 277 4182 guam
292 4101 327 4162 in
342 4101 478 4164 Arabiae
492 4101 573 4163 smus
588 4102 757 4163 interiores
778 4100 994 4176 intromillitm,
1016 4103 1173 4182 integram
1190 4099 1332 4160 constan-
1367 4163 1371 4174 Δ

177 4197 307 4266 temque
327 4203 386 4264 per
400 4197 453 4246 tot
466 4186 568 4245 secula
587 4183 773 4264 perdurasse,
796 4205 889 4266 quum
905 4185 1023 4244 Arabes
1037 4203 1094 4243 nec
1109 4196 1242 4242 exter-na
1252 4184 1331 4265 juga

178 4281 318 4345 unquam
334 4265 409 4346 palli
422 4265 493 4344 lint,
509 4287 573 4327 mec
588 4269 623 4328 in
639 4267 771 4328 alienam
788 4267 950 4350 regionem
965 4264 1126 4346 deportati
1141 4263 1247 4324 ell'ent.

221 4356 266 4441 (s)
290 4359 649 4445 Hottingerus'inquit:
677 4367 701 4400 “
727 4363 833 4424 Liberi
849 4364 932 4423 enirn
950 4363 1077 4440 Arabes,
1099 4383 1156 4425 nee
1176 4368 1334 4426 Othoma·.
1379 4405 1384 4420 .

179 4443 207 4530 f}
226 4441 298 4510 nito
320 4461 378 4505 nec
403 4447 533 4549 cujusvis
554 4445 624 4510 aliis
649 4460 797 4535 parentes
822 4447 968 4538 imperio,
995 4445 1047 4511 scd
1064 4449 1100 4511 in
1119 4447 1336 4596 ‘willfflnffi

1277 4547 1295 4583 x,
1329 4543 1334 4548 .

1229 3263 1326 3362 Sed,
1454 3367 1456 3374 Ι
