2924 4832
174 263 235 348 ¹4
448 231 512 318 Da
543 232 775 340 Antiquitate
802 253 841 315 et
871 232 1049 318 Utilitate
1086 270 1089 276 ·
1118 207 1122 214 ’
1193 221 1197 228 ’
1335 241 1341 252 “

100 439 108 451 ’
171 439 286 522 illius
310 434 490 520 nomine
520 437 675 530 idumea¹
691 461 839 520 vocata
861 439 951 534 est3
984 437 1155 549 ejusque
1184 439 1320 546 poste·

93 622 99 634 .
170 589 257 657 ros,
296 561 361 642 uti
398 561 564 658 sedibus
602 585 644 642 et
674 563 949 644 'commerciis
984 561 1319 672 Joktanidarnm

168 681 567 794 fuerejuntiissimi,
586 687 661 786 ita
691 685 886 798 linguam
917 713 1091 794 quoque
1121 712 1220 764 cum
1252 685 1318 764 iis·

170 808 272 889 dem
305 831 581 900 communem
618 805 836 888 habuisse:
882 812 1056 889 Arabes'
1079 835 1192 898 vero,
1232 805 1345 888 ish-¹

168 930 318 1012 maelis
342 929 543 1034 posteros,
564 929 755 1012 Hebraei
773 930 923 1035 lingua
946 933 1037 1011 satis
1059 929 1192 1036 longo
1212 953 1318 1010 tem·

129 1157 131 1166 Α
169 1078 275 1164 pore
306 1051 399 1130 usos
429 1050 561 1145 fuiffe,
597 1077 826 1158 antequam
864 1055 992 1133 ullam
1030 1056 1316 1134 mutationem
1358 1135 1364 1144 ,

49 1225 58 1232 -
169 1174 373 1268 subierit;
402 1175 505 1254 inde
524 1176 666 1258 saltem
689 1175 909 1281 probabile
928 1175 999 1265 est,
1024 1177 1159 1282 qnod,
1184 1175 1317 1280 longo

119 1379 122 1385 ,
168 1294 265 1410 prist(
282 1297 525 1391 intervallo,
555 1298 724 1405 josephi
749 1294 911 1390 fratres,
945 1325 1044 1377 cum
1070 1298 1316 1380 Iihmaelitis

168 1419 482 1516 mercat-oribus
514 1419 599 1499 fine
622 1421 856 1526 interprete
880 1421 1085 1500 collocuti
1107 1425 1218 1513 sunt,
1253 1420 1318 1502 uti

167 1563 289 1654 patet
317 1568 373 1624 ex
402 1539 572 1622 historia
605 1540 802 1636 Mosaici,
844 1541 935 1623 Gen.
973 1571 1068 1650 cap.
1094 1526 1350 1624 xxxvii.-·'

170 1665 336 1746 Omnes
367 1665 497 1744 etiam
531 1662 745 1744 historiam
783 1664 908 1774 Motis
942 1661 1117 1757 mirum,
1152 1664 1227 1772 qni
1251 1665 1319 1750 AE·

167 1810 310 1895 gypto
333 1785 559 1896 profugus,
593 1787 637 1866 in
672 1786 877 1867 Arabiam
913 1791 1181 1894 perveniens,
1216 1815 1316 1870 cnm

167 1911 376 2022 Jethrone
400 1911 542 1994 Arabe
564 1909 733 2020 ejusque
756 1903 937 2004 filiabus,
964 1914 1220 2018 caeterit'q'ue
1244 1935 1316 2020 pai

165 2033 368 2128 floribuS,
404 2032 491 2112 fine
515 2032 603 2112 ullo
624 2034 863 2140 interprete
885 2032 1123 2114 collocutus
1146 2033 1201 2114 est
1222 2031 1239 2140 (
1258 2033 1293 2145 ).

233 2153 600 2236 Verifimillimum
632 2153 780 2255 igitur,
821 2155 1023 2262 ‚linguam
1060 2156 1313 2250 Hebraeam‚

50 2279 55 2288 '
171 2303 251 2388 per
270 2277 452 2381 longum
476 2275 681 2379 temporis
704 2274 901 2382 spatium,
929 2277 1043 2384 apud
1063 2261 1318 2383 Joktanidas

166 2396 440 2505 caeterosque
480 2399 642 2478 Arabes
684 2392 860 2508 vigniffe
892 2427 903 2489 ς
951 2391 1169 2504 progreffu
1214 2428 1314 2502 vera

167 2521 390 2629 temporis,
422 2520 467 2599 in
491 2518 720 2600 dialectum
745 2519 987 2612 Arabicam,
1018 2547 1136 2602 more
1159 2523 1314 2606 dialec-

165 2663 316 2730 tornm
340 2643 621 2735 Graecarum,
655 2635 882 2726 deflexisse.

232 2767 372 2876 Hujus
395 2763 458 2844 rei
489 2764 828 2872 pulcherrimum
852 2763 1097 2874 exemplum
1121 2764 1165 2846 in
1189 2793 1316 2854 vene·

166 2889 310 2973 rando
323 2885 758 2979 monumento,-omni
773 2915 850 2967 aere
867 2890 1138 2994 perenniore,
1158 2917 1316 2997 nempe

166 3013 279 3096 libro
301 3009 416 3120 Jobi,
449 3035 580 3118 quem
611 3007 740 3115 longe
761 3030 863 3089 ante
887 3011 1030 3090 Mosen
1056 3010 1197 3096 vixisse
1218 3041 1316 3118 grav

166 3133 336 3218 viffimis
369 3133 635 3238 argumentis
669 3158 692 3212 a
725 3131 825 3212 viris
862 3133 993 3211 doctis
1027 3134 1209 3216 evitium
1233 3135 1312 3225 effe

42 3269 47 3276 '
164 3260 355 3342 videtur.
388 3255 470 3336 Hic
488 3255 552 3334 vir
570 3254 682 3361 piu's,
697 3247 981 3360 maximoque
1001 3255 1175 3362 ingenio
1195 3285 1315 3360 prae·-

165 3383 299 3474 ditus,
324 3375 570 3461 Abrahamo
592 3396 712 3456 ottus
734 3403 811 3484 per
834 3377 1058 3471 Keturam‚
1093 3379 1314 3486 cujusdam

164 3506 300 3616 partis
333 3500 518 3582 Arabiae
552 3494 749 3577 Desertae
780 3498 936 3590 incola,
977 3502 1160 3578 Arabiae
1194 3504 1315 3606 inge·

166 3627 311 3724 nium,
346 3648 502 3721 mores,
539 3619 792 3716 sermonem,
833 3619 1060 3704 ad'vivum
1090 3625 1312 3730 exprimit,

1076 3745 1313 3832 secundum

83 3999 89 4010 .
207 3943 250 4028 (l)
274 3949 299 3984 “
319 3947 404 4006 Haec
419 3957 526 4008 antem
542 3939 691 4016 confusio,
707 3959 820 4018 nempe
830 3940 1023 4024 linguarum,
1040 3942 1087 4002 ait
1102 3942 1198 4002 celeb.
1212 3943 1317 4030 Hyde,

166 4033 192 4068 ’ί
212 4048 276 4086 non
293 4026 358 4088 fuit
372 4027 557 4088 universalis
575 4051 583 4094 3
606 4043 677 4082 nam
744 4041 782 4081 ra
804 4036 882 4102 puta
901 4024 1011 4104 lingua
1032 4025 1176 4089 Hebraea
1196 4025 1317 4092 intatfia

165 4113 191 4146 “
212 4122 247 4166 et
260 4109 424 4170 inconfusa
434 4105 547 4169 manfit
557 4107 643 4168 inter
653 4105 699 4162 Ch
752 4103 763 4162 i
773 4103 923 4182 posteros,
940 4107 1130 4178 Cananaens,
1148 4106 1200 4165 seu
1219 4111 1317 4170 Phoe.

167 4193 194 4226 “
213 4188 311 4265 nicee,
327 4189 389 4269 qui·
396 4193 587 4269 primaevam
602 4186 744 4266 lingnam
756 4185 1103 4266 Hebraeamintegram
1120 4201 1154 4246 et
1169 4189 1322 4258 immutas

168 4274 194 4308 ⁴‘
213 4283 279 4342 tarn
295 4273 518 4336 retinueruntr
541 4265 741 4349 quodetiam
761 4267 905 4326 fecerunt
925 4266 1019 4325 malti
1035 4289 1073 4326 ex
1090 4271 1170 4328 Semi
1186 4271 1319 4350 posteris

167 4355 193 4390 “
213 4365 247 4411 et
267 4351 388 4411 familiai
410 4349 592 4423 Abrahami,
619 4349 757 4429 quicum
774 4347 949 4410 Cananitic'
1003 4351 1127 4416 entibus
1141 4349 1203 4411 stne
1218 4353 1319 4416 inter-

164 4437 189 4470 “
210 4448 303 4514 prete
319 4434 491 4494 collocutus
506 4433 551 4494 est
565 4433 585 4458 ”
627 4429 702 4490 vien
721 4430 801 4508 Hyde
817 4431 850 4496 dt
860 4427 948 4515 Ling.
961 4369 1053 4492 aigrab.
1070 4431 1182 4514 Praest.
1198 4439 1229 4498 in
1244 4437 1321 4522 Opp.

163 4517 222 4575 eol.
239 4519 279 4579 11.
295 4529 331 4600 p.
349 4531 420 4596 453.
443 4528 503 4595 4to,
524 4511 728 4602 Ox071017673
773 4571 779 4582 .
