2924 4832
211 273 1059 404 mauriannensi
1177 292 1237 401 43

49 485 109 570 ll’e
139 487 479 574 videantur.
528 491 593 570 Sic
616 489 807 572 Chaldaea
829 517 1019 600 quoque,
1045 489 1100 572 src
1119 495 1238 598 Syra,

46 614 189 718 quid
244 613 365 700 fibi
397 613 618 722 proprium
650 637 691 692 et
720 615 997 694 domesticum
1022 617 1239 698 habuere:

73 737 141 814 in
183 735 346 816 foro
369 739 514 816 Attico
538 739 666 814 verba
690 737 876 842 viguere,
911 764 1018 843 qnae
1041 741 1111 846 jus
1133 727 1239 821 civi·

42 858 98 936 is
147 859 432 973 nusquam
465 858 565 938 alibi
594 875 866 939 tenuerunt.'
912 860 1010 942 Vid.
1036 859 1236 980 Schulterfi

42 989 116 1089 ig.
161 983 340 1065 Hebr.
375 981 449 1060 vol.
475 981 530 1062 ll.
561 998 600 1086 p.
633 1007 728 1084 137.
767 977 844 1094 ()
1078 997 1087 1046 ¹

74 1189 204 1280 2³0,
246 1187 368 1267 Hac
392 1213 506 1278 vero,
534 1184 587 1264 de
609 1186 813 1266 Arabicae
833 1211 931 1266 cum
952 1185 1124 1296 linguae
1143 1185 1239 1277 tum

42 1328 329 1436 :ripturae
360 1329 630 1435 antiquitate,
662 1330 835 1439 ejusque
859 1330 1010 1410 intimi
1031 1337 1239 1418 eumne-

44 1471 180 1553 ·raeit
210 1471 470 1562 affinitate,
501 1469 612 1550 dicta
638 1471 902 1552 sunto.-De
924 1473 1071 1554 indole
1094 1499 1137 1556 et
1157 1476 1242 1584 ιιῐί·Υ

42 1636 176 1696 nate
211 1621 328 1728 ejus
353 1615 602 1732 paucisjam
626 1617 873 1706 dicendum.

1068 1741 1241 1824 Indoles
1316 1748 1319 1754 ’

87 1957 154 2040 (n)
187 1962 365 2022 observat
382 1963 474 2022 nott.
491 1961 708 2037 Schultenslue,
730 1957 918 2022 Giauhariom
934 1971 968 2020 et
984 1957 1241 2038 Plr'ruaabads'une,

50 2042 251 2122 principa
270 2044 407 2102 Arabum
427 2043 617 2124 gioll'atorcs,
640 2043 762 2104 diversis
779 2041 1051 2123 significationibus
1071 2059 1241 2136 congeren-

53 2121 108 2180 dis
126 2127 249 2183 unice
265 2127 421 2202 intentos,
442 2124 481 2182 de
496 2124 603 2184 iisdem
620 2123 809 2205 digerendis,
831 2137 863 2182 et
879 2123 989 2182 critico
1001 2122 1015 2198 j
1021 2113 1123 2181 udicio
1138 2141 1172 2180 m
1188 2143 1240 2182 or-

52 2200 182 2264 dinem
202 2205 396 2266 naturalem
408 2205 602 2287 redigendis,
622 2209 730 2283 parim
746 2205 894 2265 sollicitos
907 2201 1018 2270 fuili'e5
1044 2202 1180 2283 indeque
1193 2203 1241 2266 en

65 2281 210 2346 sec‘tum
232 2285 306 2361 elle,
328 2301 365 2346 ut
380 2287 508 2368 linguae
524 2287 672 2348 Arabicae
687 2285 797 2347 natira
810 2286 919 2361 facies,
935 2284 1150 2364 pulchritudo,
1167 2305 1243 2348 con·

64 2363 220 2439 stantia,
241 2389 312 2427 cum
326 2367 453 2447 reliquis
465 2367 604 2428 dialectis
616 2369 829 2441 consonantia,
844 2369 994 2426 hactenus
1009 2367 1043 2424 in
1059 2363 1163 2425 debita
1172 2367 1244 2428 luce

74 2447 248 2508 collocari
263 2468 327 2507 non
345 2449 516 2526 potuerint.
550 2451 758 2509 Giauharium
774 2469 842 2508 curn
860 2447 964 2522 Suidi,
984 2445 1244 2510 Phintzabadium

74 2547 152 2587 cum
174 2530 353 2608 Hesychio,
374 2530 617 2609 comparaverim
637 2558 647 2602 ἦ
673 2530 756 2590 ethi
771 2531 893 2590 tantum
909 2525 1093 2608 congessere,
1113 2546 1178 2588 non
1193 2528 1249 2597 die

78 2608 222 2690 geti'ere.
257 2612 339 2670 Hinc
355 2609 638 2688 compertilsmmm,
656 2612 825 2685 obscuram,
842 2610 1011 2684 confusam,
1027 2609 1244 2691 imperfectam

85 2689 161 2752 fore
188 2694 406 2770 coguitionem
429 2694 554 2774 linguae
575 2695 715 2752 Graecae
736 2713 828 2772 penes
847 2711 930 2765 eum,
958 2690 1012 2770 qni
1032 2710 1071 2748 ex
1090 2689 1160 2749 solio
1179 2693 1245 2754 illle

79 2771 292 2852 gleffaroribr'rs
315 2776 436 2852 saperet
453 2801 461 2842 ς
488 2795 589 2853 nequo
607 2793 643 2832 ex
663 2773 733 2852 ipfis
754 2776 906 2848 fontibus,
930 2793 969 2832 ex
991 2771 1102 2910 quibua
1120 2770 1170 2840 illi
1191 2775 1246 2834 sua

88 2855 285 2930 hauserunt,
301 2856 407 2916 bibere
423 2855 644 2914 condidicillet.
682 2857 765 2938 Quid
782 2855 876 2936 quod,
894 2869 931 2913 ut
946 2855 992 2912 He
1005 2852 1100 2930 ychiu
1129 2869 1161 2912 et
1176 2855 1246 2915 Sui·

94 2934 165 3010 das,
189 2939 240 2996 ita
260 2939 396 2998 Arabum
417 2939 539 3016 quoque
559 2937 774 3018 lexicographi
795 2938 856 3011 illi,
878 2953 969 3014 quam
985 2934 1121 3013 plurima
1136 2936 1169 2995 in
1183 2937 1245 2997 liris

93 3017 272 3080 tenoribus
293 3019 481 3098 supponant,
508 3031 541 3076 et
564 3018 676 3077 bonam
700 3039 904 3101 magnamque
926 3030 1048 3098 partem
1068 3016 1246 3098 vulgarium

99 3100 211 3160 usuum
229 3121 342 3180 magno
357 3100 479 3160 silentio
506 3112 700 3159 araetereant
718 3102 802 3158 i-··
811 3099 965 3178 Denique,
990 3099 1099 3178 lingua
1113 3097 1248 3160 Arabica

102 3183 272 3242 vernacula
288 3181 330 3241 est
350 3181 456 3253 hodie,
482 3121 637 3260 plenoque
652 3181 723 3242 fluit
738 3181 839 3255 alveo,
861 3181 1099 3256 immensamque
1113 3179 1246 3240 vocabu·

105 3261 206 3322 lorum
221 3264 344 3342 copiam
360 3264 447 3326 vehit
466 3286 474 3322 ε
504 3263 626 3344 Lingua
648 3261 719 3326 γετὸ
741 3265 884 3322 Hebraea
903 3259 1098 3334 mortuaest,
1121 3274 1155 3318 et
1172 3279 1245 3320 can-

107 3343 191 3402 cellis
206 3345 378 3406 Bibliorum
395 3345 522 3406 inclusa.
563 3344 619 3404 Nil
639 3344 752 3406 mirum
774 3361 848 3424 crgo
867 3343 888 3402 fi
908 3343 1051 3420 integrae
1073 3343 1159 3418 saepe
1180 3343 1246 3399 scn-

108 3427 224 3484 tentiae
238 3443 274 3486 et
293 3425 416 3504 periodi
437 3426 485 3486 ita
499 3439 624 3498 exeant,
645 3439 682 3483 ut
696 3427 779 3485 nihil
794 3425 891 3486 simile
907 3425 941 3483 in
958 3422 1066 3481 Bibliis
1081 3422 1181 3480 Sacris
1195 3441 1245 3480 re·

111 3507 258 3583 periatur.
300 3508 431 3568 Definiri
451 3527 534 3568 nunc
553 3527 617 3569 nou
636 3507 748 3586 potest,
770 3514 810 3566 ari
826 3525 931 3566 omnes
945 3503 1020 3562 illae
1035 3503 1155 3580 stirpes,
1176 3523 1246 3568 cum

115 3589 160 3647 sui
177 3587 230 3646 libi
251 3588 360 3660 sobole,
387 3589 497 3668 quibus
519 3587 653 3648 Arabum
677 3587 827 3648 dialecius
847 3587 966 3657 floruit,
988 3583 1069 3663 apud
1088 3587 1247 3648 Hebraeos

134 3689 226 3750 noque
242 3670 317 3728 olim
333 3669 482 3749 riguerit.
515 3669 633 3730 Sufficit
648 3670 747 3744 nobis,
766 3683 931 3748 utramque
947 3667 1115 3727 dialedium
1131 3689 1169 3728 ex
1184 3685 1248 3730 uno

117 3689 197 3810 lente
215 3752 392 3828 primaevae
407 3752 545 3833 linguae,
567 3750 642 3830 quin
658 3752 719 3812 uni
734 3771 751 3810 e
766 3749 859 3812 domo
876 3749 1004 3823 Heberi,
1025 3750 1184 3826 emanille,
1203 3749 1248 3813 ad

120 3831 310 3914 colligendam
327 3833 492 3892 maximam
509 3849 631 3912 partem
646 3832 808 3891 verborum
825 3829 1008 3892 radicalium
1025 3831 1149 3911 utrique
1162 3853 1245 3892 com·

122 3933 230 3974 munem
251 3911 311 3972 erit
338 3912 483 3990 debuilse,
510 3935 579 3974 cum
602 3912 781 3973 diverfitate
802 3913 1072 3990 pronunciationis
1096 3914 1147 3972 rel
1170 3933 1246 3975 con-

121 3994 293 4068 amnionis,
318 4013 376 4074 per
398 3996 513 4056 sedium
533 4014 566 4054 et
586 3996 749 4076 regionum
770 3993 991 4068 diversitatem,
1018 3994 1123 4054 senum
1144 3995 1246 4058 intro-

126 4074 229 4136 diuam
247 4071 345 4138 nisse.
373 4081 433 4137 Rea
442 4075 534 4137 simili
549 4075 698 4139 illustrari
715 4075 824 4156 poffit=
849 4072 993 4140 Diversae
1001 4075 1198 4155 Thucydidis
1213 4095 1248 4142 et

126 4155 261 4216 Herodoti
283 4165 351 4218 cu'm
369 4158 505 4220 dialest'o
520 4159 683 4221 diffidente
699 4157 801 4237 stylus-
844 4159 923 4240 Quis
939 4173 1043 4219 tamen
1060 4157 1107 4217 ita
1124 4161 1247 4221 Atticnir

131 4237 176 4296 ed'e
186 4239 263 4313 relit,
280 4253 328 4315 ut,
340 4239 381 4300 ad
394 4241 590 4320 Thucydidis
605 4244 775 4301 sermonem
786 4240 1016 4312 illustrandum,
1031 4237 1062 4298 se
1075 4245 1178 4302 ionem
1190 4244 1248 4308 ille

131 4338 215 4378 carere
228 4319 306 4397 polle
321 4321 477 4402 glorietur
495 4323 505 4382 ἓ
539 4325 586 4384 Sic
603 4323 820 4402 Hippocrates,
841 4323 1037 4401 eloquentiae
1051 4321 1169 4398 stator,¹
1181 4325 1248 4384 son·

130 4399 219 4460 eunt
238 4417 270 4460 et
286 4401 448 4482 phralibue
470 4403 609 4485 nuspialn
630 4403 707 4466 alibi
728 4405 923 4483 reperiundir
943 4404 1049 4464 scatet.
1090 4411 1139 4464 An
1160 4409 1248 4464 iones

130 4481 210 4544 i'tur
233 4481 271 4552 ab
294 4485 395 4550 officio
420 4487 543 4546 Atticos
568 4490 709 4548 auctores
734 4485 912 4547 illustrandi
935 4483 1121 4553 excludendi
1145 4481 1245 4546 sunta

133 4563 187 4646 ‚A
203 4557 456 4658 Schultenfiorig.
473 4566 562 4636 Hebr.
585 4571 643 4635 eol·
660 4571 699 4636 ll·
716 4582 750 4652 p-
770 4586 817 4645 71·
840 4582 871 4634 et
885 4565 1003 4659 paffimg
