2952 4836
313 173 1133 305 'cauus-aosfcnue'xmx.
1221 221 1299 326 2⁶3

248 411 350 495 baut.
377 411 468 494 Vid.
486 413 576 522 Job.
598 413 679 494 xiii.
703 439 766 520 27.
822 413 970 507 Statuit,
995 395 1170 510 decrevit,¹
1203 415 1302 527 leger

249 521 432 604 condidit.
472 525 524 609 To
540 529 693 630 appetat,
723 547 758 604 to
773 523 900 615 detrec,
919 545 954 616 to
964 525 1058 606 make
1075 523 1167 611 lawr
1185 525 1202 638 (
1222 525 1254 638 ).

166 659 246 737 203
252 657 289 734 5.
307 611 410 726 iil-’ll
427 635 539 746 Prop.
562 639 754 744 eliquatur,
776 639 800 713 i.
823 661 856 714 e.
876 639 1145 746 tranquillator,
1161 637 1301 745 pacili-

248 749 366 839 c'ator,
387 750 534 852 paciset
548 745 730 826 felicitatis
748 749 876 826 aanor
905 741 976 853 (est
996 772 1135 828 nomen
1156 747 1301 831 formae

249 845 368 948 ilit’P:
402 853 479 964 Jod
510 854 638 935 inserta
667 859 761 940 inter
796 881 918 935 tmant
947 872 983 935 et
1015 857 1128 938 adam'
1159 859 1303 942 radica·

170 1003 180 1021 =
247 969 342 1077 lem)
371 973 435 1078 qni
458 970 603 1048 turbata
623 972 753 1047 omnia
783 985 818 1046 et
847 964 1000 1046 contusa
1026 967 1075 1046 ad
1106 963 1303 1079 liquidiffi·

246 1101 351 1158 nram
383 1076 711 1158 defaecatissimam
744 1079 1060 1187 tranquillitatem,
1094 1096 1301 1190 pacemque

249 1213 337 1266 cum
357 1191 551 1296 opimitate
581 1205 617 1268 et
646 1190 872 1295 opulentiam
892 1190 1129 1290 conjunctam
1150 1215 1302 1274 revoca·

250 1317 317 1377 ret.
355 1297 430 1381 ‘tte
449 1297 586 1380 Autstnr
602 1299 765 1404 aspectet,
786 1295 1003 1405 tranquillity
1020 1301 1298 1416 nnd'hnppsnefi,

248 1408 312 1486 Ab
330 1383 421 1504 tl'zsss
449 1417 566 1520 25¹⁰
596 1433 698 1516 prop.
718 1412 885 1518 liquavit.
935 1409 1074 1518 Tofine
1084 1411 1186 1518 stunt
1202 1413 1320 1522 dregt'

249 1519 321 1596 trud
336 1518 441 1624 ¹dress
458 1527 489 1598 :''
531 1521 631 1598 lliuc
653 1547 689 1599 2.
714 1515 977 1627 Adliquidam
996 1525 1299 1630 tranquillitatem

250 1653 455 1739 pacemque
482 1629 721 1725 transfertur3
755 1632 982 1738 tranquillus,
1010 1629 1164 1726 securus,
1199 1638 1301 1742 paci·

967 1781 968 1784 ¹
1111 1769 1115 1776 ’
1155 1765 1158 1774 ’
1213 1747 1303 1824 sicus

162 2021 166 2030 ι
209 2077 247 2159 (t)
256 2023 360 2161 itaque
371 2069 497 2174 ΡΕΊΠῳ
508 2021 676 2156 supremum
690 2071 839 2137 tectorem
849 2085 880 2134 et
891 2021 1116 2155 imperatorem,
1128 2065 1304 2154 pollDennr

167 2172 313 2243 sumntum
331 2180 433 2264 populi
449 2199 565 2268 regem,
580 2196 611 2242 et
627 2177 676 2242 sub
692 2177 755 2264 ipso
771 2197 909 2262 tauquam
934 2176 994 2261 ejus
1007 2173 1157 2253 uicarium,
1181 2175 1244 2262 (qui
1258 2175 1302 2243 est

165 2261 312 2350 genuinus
324 2264 477 2330 israelitici
494 2263 580 2352 regni
595 2261 779 2349 conspectus)
804 2263 862 2349 qui·
876 2262 957 2350 pacit
978 2259 1106 2344 bellique
1124 2260 1192 2345 jura
1208 2266 1306 2346 tenet,

166 2347 447 2435 poputu'm'jueieat,
460 2349 606 2424 defendit,
622 2350 672 2434 qui
684 2351 778 2416 edisla
800 2349 921 2435 publica
931 2351 1004 2427 edit,
1016 2347 1079 2428 juta
1093 2346 1179 2434 tegni
1195 2366 1226 2414 ct
1241 2348 1304 2413 cir·

167 2435 424 2518 cumtuetur,-.stve
437 2439 509 2520 regis
524 2438 603 2500 titulo
616 2452 644 2499 et
656 2437 789 2519 dignitate
799 2436 924 2522 fulgeat,
939 2433 1000 2501 stre
1012 2431 1072 2496 allo
1084 2433 1192 2518 quovit
1206 2434 1304 2500 nomi-

166 2538 205 2584 oe
217 2519 338 2586 veniat:
362 2521 436 2587 Vox
449 2521 532 2590 euim
549 2541 603 2607 per
617 2517 645 2584 se
659 2521 770 2608 regiam
790 2519 968 2605 majestatem
978 2595 980 2602 Α
991 2539 1050 2584 nou
1064 2517 1218 2603 exprimit,
1231 2517 1304 2585 licet

165 2605 341 2688 potestatem
354 2610 482 2674 eaodem
495 2607 722 2692 eompleslarur,
735 2626 796 2690 quo
808 2603 889 2670 sensu
905 2607 1056 2691 imperatur
1076 2619 1108 2667 et
1132 2625 1183 2667 ree
1203 2605 1305 2670 distin·

165 2707 309 2776 guonem,
320 2693 374 2758 ll'a.
385 2691 494 2759 xxxiii.
509 2713 560 2758 aa.
590 2692 648 2758 Ubi
663 2691 908 2788 Jehoveb‚jutlex,
919 2693 1056 2789 legatam
1073 2701 1107 2754 et
1122 2708 1176 2754 rex
1189 2689 1303 2777 populi,

166 2773 1306 2944 ttt‘lttlr.*lltl‘ztltltltttl‘tl'tlilltts'll‘·.⁹.·'

166 2965 339 3033 quacunque
354 2949 512 3036 regiminis
525 2909 742 3028 tornamento
756 2885 869 3014 dituma
880 2947 926 3026 stt,
935 2952 1134 3026 aruerufivvert
1146 2909 1168 3014 i.
1181 2969 1210 3015 e.
1226 2884 1302 3038 lepgi·

167 3041 292 3110 busnou
304 3045 451 3127 obnoxia,
468 3045 601 3111 sumitur.
624 3046 865 3131 Uuaeademquc
877 3051 1176 3132 respersceptrumet
1188 3043 1302 3130 legisla-

167 3145 264 3226 tqretn
280 3132 478 3282 Exprimiture
501 3135 656 3217 Sceptrum
673 3132 754 3198 euim
771 3131 980 3216 explicationis
994 3151 1068 3218 ergo
1082 3145 1119 3214 et
1126 3149 1194 3194 curu
1209 3126 1310 3216 iulig·'

167 3233 199 3278 tu
212 3235 259 3280 em
306 3239 320 3280 a

167 3319 254 3383 quam
263 3237 339 3366 pletrtt'
353 3299 501 3387 sceptrum
515 3303 545 3368 in
560 3302 705 3378 manibus,
733 3300 869 3366 leuanter
877 3303 955 3386 pedet
968 3305 1074 3378 datura
1104 3315 1133 3363 et
1154 3300 1304 3383 inperator

167 3385 219 3452 vel
233 3385 368 3470 legistator
382 3391 509 3464 additur,
525 3407 568 3467 ue,
584 3389 666 3472 cujus
681 3389 832 3474 potestatis
846 3385 960 3487 insigne
981 3381 1190 3470 srr'sceptrum,
1212 3405 1304 3470 expo·

167 3489 297 3536 neretur.
339 3471 409 3540 Hoc
435 3474 540 3540 clarius
562 3474 688 3560 parebit,
703 3495 770 3540 curu
795 3473 937 3538 orationu
952 3472 1100 3548 membra,
1116 3470 1303 3536 hauratiune

167 3557 372 3654 couneslepda
398 3559 476 3644 polle
498 3558 730 3636 observaverim,
755 3557 825 3630 acfi
841 3559 1004 3659 legeretur,
1008 3559 1146 3646 sceptrum
1159 3552 1302 3658 ,ppillqi
1376 3552 1380 3560 ’

167 3661 239 3728 sie.
252 3661 455 3763 qelnimirum
467 3665 645 3751 Inrperator:
665 3665 755 3728 Watv
770 3665 850 3732 enim
861 3667 1042 3756 exegeticon
1055 3665 1108 3731 cll.
1125 3664 1195 3730 Vid.
1205 3665 1301 3732 Nold.
1354 3740 1359 3752 ⁴

167 3749 351 3832 concordan-
368 3751 406 3814 de
417 3768 495 3836 part.
512 3773 625 3839 paqo.
640 3752 772 3836 e12931)
788 3770 819 3817 et
835 3751 1006 3840 Imperator,
1021 3753 1042 3818 i.
1053 3771 1084 3816 e.
1095 3749 1241 3838 sceptrum
1258 3754 1302 3818 in·

166 3829 253 3920 ligne
267 3835 530 3932 imperatorique
543 3841 643 3902 recedet
654 3859 674 3898 a
684 3833 844 3924 Juda,&c.
859 3840 959 3906 Verba
972 3841 1009 3906 ad
1021 3839 1144 3906 leonem
1180 3840 1312 3906 raedam.

166 3933 232 4013 tem
248 3923 418 4008 respiciunt,
433 3924 463 3987 iu
479 3921 571 3989 lustro
598 3925 800 4000 recubantem,
817 3942 847 3990 et
868 3926 1023 4004 auemine
1033 3859 1239 4008 excitandum,
1251 3926 1302 4008 qui

167 4022 247 4067 tuter
259 4005 346 4088 pedes
357 4003 423 4070 suos
436 4007 595 4095 sceptrum,
610 4023 751 4093 tanquam
766 4007 882 4099 infigne
898 4011 1066 4098 majestatie,
1090 4007 1175 4094 usqne
1188 4012 1224 4076 ad
1237 4031 1303 4100 teg·

334 3240 357 3296 1,
371 3231 402 3282 et
415 3217 562 3308 legislator
581 3217 625 3282 rei
638 3218 772 3301 depietae
788 3218 871 3280 causa
887 3235 1080 3283 memoratur.
1124 3213 1220 3300 Judae
1234 3229 1303 3279 tao·
1389 3253 1392 3260 ι

167 4087 199 4153 ui
214 4086 327 4183 pacifici
342 4085 503 4240 epocham,
516 4112 650 4171 tenerem
682 4095 768 4178 usquc
804 4100 899 4164 nando
911 4095 989 4182 Jnrla
1002 4099 1146 4183 sceptrum
1160 4098 1304 4178 traderet,

164 4189 197 4238 et
212 4171 337 4238 mibrari
364 4177 451 4246 ormi
467 4180 620 4246 abolitaet
633 4201 703 4246 curn
716 4115 840 4267 pertica
853 4187 1049 4267 commutata,
1065 4182 1301 4262 leonissotmam

164 4259 340 4346 deponeret.
