2924 4832
176 205 280 291 xxiv
376 209 1141 333 ΡΒΓΕΙΡΑΤΙΟ.Ι

176 439 255 524 per
294 416 419 523 tegit,
476 413 724 523 frequenter
765 417 964 500 discindit
1002 423 1312 529 interpretatio.

174 542 268 622 Hoc
290 541 434 644 itaque
456 539 508 618 ab
533 539 658 620 ullius
681 541 743 620 vel
766 541 1089 622 accuratissume
1111 543 1312 626 versionis

173 662 260 754 fide
284 661 597 768 postulandum,
636 665 770 742 inulto
800 667 938 744 minus
967 673 1020 744 ue
1045 665 1154 772 poesi
1179 667 1313 744 saieru-

173 810 271 878 rum
290 785 529 864 carminum
550 786 798 892 interprete,
820 785 886 866 seu
910 790 1066 894 potius,
1089 789 1314 868 imitatrice

118 899 124 906 “
173 907 446 1014 sperandum,
484 899 892 1019 quatiquamin'ei
927 910 1062 999 molti,
1107 937 1190 987 non
1225 909 1312 989 fine

174 1027 317 1118 laude,
363 1029 511 1110 versati
549 1034 658 1110 tunt.
697 1029 808 1138 ,Ipsi
831 1029 924 1110 sunt
948 1031 1313 1132 foritcsadeiiiitli,

173 1149 248 1256 qui
280 1154 503 1258 proprium
534 1153 659 1232 etiam
693 1179 740 1230 ac
770 1155 886 1234 suum
921 1153 1106 1260 saporem
1138 1155 1312 1248 liabent,

174 1299 273 1352 cum
307 1274 432 1353 nullis
460 1275 560 1353 inde
584 1274 775 1354 dedustis
799 1276 956 1365 rivulis,
992 1271 1314 1356 communicari-

173 1390 295 1476 dum.
358 1397 456 1476 Vid.
482 1393 787 1476 LouthdrSncr.
815 1397 914 1490 Poes
942 1397 1052 1478 chr.
1090 1426 1132 1505 p.
1158 1426 1215 1504 74

235 1519 302 1598 Ex
321 1519 443 1624 supra
464 1519 584 1597 dictis
605 1539 736 1624 patet,
761 1547 858 1598 cuin
881 1521 1107 1598 utilitatem
1128 1545 1218 1600 tum
1240 1547 1312 1599 ne-

171 1637 396 1720 cessitatem
420 1635 679 1746 cognitionis
699 1642 870 1747 liuguae
889 1645 1099 1732 Hebraeae,
1127 1643 1313 1722 Graecae-

171 1789 271 1869 qiie,
307 1763 546 1870 theologiae
577 1763 814 1842 candidatis
843 1765 1158 1855 inculcandam,
1195 1792 1314 1871 prae·

165 1886 462 1993 judicatasque
480 1887 704 1992 opiniones
722 1886 930 1965 tollendas
943 1883 1037 1979 esse,
1064 1912 1109 1965 ut
1128 1888 1314 1968 studium

172 2005 386 2088 sacrarum
421 2009 637 2087 literarum
673 2010 716 2086 in
748 2035 905 2110 niatgno
937 2011 1073 2114 pretio
1111 1993 1311 2103 habeantl

173 2150 216 2207 et
249 2127 300 2207 ne
330 2156 475 2209 earum
506 2129 938 2234 linguarumatiiinos
961 2130 1051 2208 suos
1075 2131 1223 2214 odium
1247 2129 1313 2214 ve'l

174 2247 528 2331 addiicendarum
550 2251 740 2330 taedium
762 2255 1040 2362 occupaverit
1062 2251 1102 2332 *.

1199 2379 1316 2466 Dum
1378 2373 1381 2386 ’

214 2511 234 2552 ⁸
256 2509 305 2570 Est
325 2513 400 2570 verti
420 2507 591 2574 delicatum
612 2517 709 2594 geniis
729 2509 904 2586 hominum,
925 2528 1057 2592 quorum
1074 2527 1163 2570 aures
1178 2509 1319 2568 occiden-

177 2589 293 2651 talibus
313 2591 431 2688 linguis
451 2593 595 2667 assuetae,
622 2595 795 2654 Hebraeam
822 2593 906 2651 ferre
926 2607 1113 2672 nequeunt;
1143 2603 1176 2648 et
1201 2587 1319 2650 etiamsi

147 2709 152 2724 ·
176 2669 269 2751 liujus
288 2693 416 2732 omnino
437 2675 540 2748 rudes,
566 2677 737 2749 censuram,
763 2693 832 2734 cum
853 2675 886 2733 in
906 2675 1045 2756 linguam
1069 2687 1136 2731 tuni
1161 2671 1194 2729 in
1219 2673 1319 2730 sacros

175 2755 356 2830 scriptores,
378 2775 522 2815 exercere
541 2755 625 2816 haud
647 2757 840 2815 erubescunt.
880 2757 1018 2814 Amelius
1033 2775 1119 2824 vero,
1143 2753 1319 2811 Platonicus

176 2833 391 2914 philosophus,
410 2857 432 2896 a
447 2838 598 2919 religione
615 2835 705 2898 Mosis
720 2849 752 2896 et
771 2839 995 2914 Prophetarum
1012 2836 1143 2907 alienus,
1164 2833 1326 2911 emphasin

175 2916 213 2974 in
232 2916 373 2978 Hebraea
391 2917 499 2999 linguai
517 2938 719 2999 permagnam
740 2917 807 2991 ell'e,
835 2917 1032 2991 brevitatem,
1053 2916 1323 2996 perspicuitatem,

177 2995 312 3072 fatetur,
340 2999 441 3058 minus
466 2999 591 3079 quidem
616 3001 780 3060 varietatis
805 3019 896 3076 quam
922 3000 956 3058 in
982 2999 1120 3071 Graecis,
1146 2997 1198 3056 sed
1218 2997 1324 3056 minus

178 3090 415 3170 ambiguitatis:
441 3099 512 3174 Εχει
529 3083 720 3172 strumosum
740 3089 872 3174 (inquit)
898 3085 1035 3174 Coepssapot
1051 3111 1190 3168 cropore,
1217 3107 1322 3149 notant

177 3177 209 3247 iss
226 3205 385 3269 correptor·
411 3192 583 3269 αμφιβολιας
599 3211 630 3248 rt
646 3210 792 3257 saterris<
807 3211 972 3272 perexeat,
995 3191 1049 3250 &n
1088 3189 1162 3248 Vid.
1178 3189 1321 3248 Dieterr‘c.

175 3277 253 3339 Anti
274 3283 327 3339 uit.
347 3281 381 3338 V.
393 3278 431 3338 T.
448 3277 606 3359 Prolegom.
630 3298 662 3357 p·
683 3295 784 3352 17.-—
809 3281 983 3338 Hebraeam
998 3280 1136 3359 linguam
1152 3277 1321 3355 simplicem

175 3299 353 3435 muniitiis,
369 3361 573 3440 perspicuam,
592 3359 754 3420 brevitatis
769 3359 1015 3436 amantissimam,
1032 3360 1078 3418 ita
1091 3373 1126 3419 ut
1138 3359 1321 3420 Laconicam

132 3463 140 3484 ·
174 3442 248 3518 jure
264 3441 392 3516 dixeris,
409 3441 577 3502 acrimoniis
592 3441 689 3500 mixta
705 3441 864 3500 venustate
879 3441 1067 3520 praeditam,
1082 3453 1218 3500 mentem
1234 3439 1322 3499 audi·

178 3535 284 3581 torum
300 3525 534 3600 percellentem,
550 3521 683 3581 inultum
701 3522 800 3582 feristis
816 3524 922 3602 paucis
937 3525 1038 3582 verbis
1053 3523 1322 3600 coniplecientem‚

177 3609 249 3660 trois
262 3601 364 3680 choises
375 3625 410 3663 en
421 3601 493 3661 deux
505 3615 586 3676 mors,
603 3617 640 3661 ut
655 3605 819 3662 Gallorum
835 3605 931 3664 habet
945 3605 1158 3682 proverbium,
1177 3622 1241 3662 non
1256 3616 1324 3662 tam

177 3684 284 3756 verba,
306 3703 397 3762 quain
422 3704 528 3743 rerum
553 3683 705 3762 pondera,
727 3686 906 3763 loquentem
928 3687 1073 3745 diximus.
1117 3687 1227 3742 Eidem
1250 3704 1323 3744 con·

135 3764 139 3786 '¹
177 3765 333 3826 cinnitate
360 3785 395 3824 ac
421 3764 510 3823 simul
534 3765 715 3840 acrimonia,
736 3767 905 3845 eodemque
930 3768 963 3826 in
987 3763 1142 3846 loquendo
1170 3766 1324 3839 acumine,

176 3846 316 3906 Hebraei
331 3866 366 3906 ae
382 3852 518 3908 Lacones
534 3860 679 3921 utuntur,
701 3849 811 3907 breves
824 3849 1100 3928 interrogationes,
1121 3847 1228 3906 brevia
1243 3860 1276 3903 et
1291 3865 1324 3918 a·

175 3941 251 3986 cuta
261 3927 416 4006 responsa,
432 3927 494 3987 sine
505 3927 668 3986 verborum
682 3943 808 4002 orriatu,
824 3927 1004 4008 simpliciter
1014 3930 1151 4008 prolata,
1169 3927 1325 3986 offendes:

175 4007 294 4067 Confer
308 4010 497 4088 colloquium
514 4007 682 4068 Abraliami
700 4029 767 4068 eutii
785 4014 898 4085 isaaco,
919 4017 1002 4074 Gen.
1013 4011 1089 4068 iiiiii.
1107 4023 1133 4078 7.
1146 4011 1164 4066 8
1179 4007 1327 4088 -Jacobi

175 4109 245 4148 cum
262 4089 446 4168 pastoribus,
462 4095 542 4150 Gen.
553 4089 809 4150 sexte-navidis
824 4113 892 4150 cuin
909 4097 1064 4164 Nathaue,
1083 4095 1192 4176 asam.
1204 4091 1259 4148 xii.
1276 4109 1323 4164 13.

176 4185 211 4230 et
226 4173 301 4230 Mal.
314 4171 336 4229 i.
354 4175 580 4232 i.-Comiiiit
593 4173 712 4244 Latini,
729 4189 882 4232 exornant
893 4173 1006 4232 Graeci
1017 4171 1216 4232 remaculam
1228 4172 1327 4246 suarii,

176 4253 379 4314 meretricum
394 4273 492 4326 more,
515 4255 547 4312 iii
567 4254 705 4312 Hebraea
720 4253 799 4312 calla
814 4253 993 4332 simplicitas
1008 4275 1077 4314 cum
1093 4253 1251 4335 gravitate
1268 4251 1323 4315 ad·

175 4333 341 4403 miranda,
365 4335 416 4394 hic
432 4335 520 4396 nullu
537 4337 701 4394 verborum
718 4336 887 4412 lenocinia,
903 4357 968 4396 non
984 4337 1137 4394 sermones
1152 4335 1324 4413 phalerati,

87 4421 90 4429 “
179 4433 238 4480 nec
252 4415 535 4500 ementiuueoloi,
556 4417 609 4480 ted
622 4417 732 4480 nativa
747 4421 889 4500 comitas,
910 4419 1096 4498 imitatusque
1112 4415 1215 4477 decor.

1191 4497 1328 4592 pistari
1434 4575 1441 4586 .
