2912 4826
98 333 104 340 .
236 201 792 340 uunraltomontrt
848 235 1175 324 citur-xxi.
1217 244 1322 342 515·

109 427 114 452 ⁸
168 419 181 485 ἰ
197 427 343 534 strudla.
404 417 614 559 A'llefieged
632 411 745 548 place,
774 409 1060 550 afirtijicatiurr,
1095 430 1253 544 inclufing
1271 415 1318 510 a*

167 562 302 670 place.
361 564 485 643 Ans
498 566 600 676 a*
629 557 798 636 ardiatit.
904 631 918 686 ,ι

255 897 259 904 .
290 817 326 898 C
356 813 395 898 A
427 813 457 894 Ρ
489 812 526 893 U
557 810 597 892 T
660 773 810 892 XXIJ.
856 809 1071 890 -Vurtstts
1105 832 1145 910 3.
1276 757 1311 839 Ἰ

62 1090 71 1104 .
143 1041 263 1126 3457·
297 1015 379 1126 llil(
410 1013 692 1178 Lllboratutn
722 1008 787 1104 esi,
837 1010 895 1088 vel
926 1010 1069 1089 cultura
1103 1007 1202 1087 fadla
1232 999 1301 1098 est,

209 1139 214 1158 ⁴
500 1140 614 1226 praet.
648 1120 746 1228 4sp.
779 1119 877 1217 '¹321
898 1125 1053 1216 coletur,
1088 1117 1224 1226 3fing.
1250 1141 1303 1194 m.

97 1295 100 1302 ι
196 1239 266 1320 sut.
302 1231 396 1342 asp.
429 1237 571 1333 i'l’illfll
589 1251 624 1312 et
644 1231 693 1310 ad
713 1231 944 1314 serviendum
965 1249 1183 1344 coegerunt,
1210 1253 1230 1326 3
1252 1227 1303 1332 pl.

194 1377 248 1430 m.
273 1347 340 1427 fut.
373 1347 557 1441 &ij-iil?
577 1343 626 1424 ad
648 1343 879 1426 serviendum
901 1366 1089 1456 cogentes,
1121 1344 1171 1450 pl.
1208 1355 1302 1444 part.
1413 1421 1417 1426 ,

195 1465 291 1566 §lp
319 1456 437 1555 Ἶέξζῌ
457 1456 506 1534 ad
525 1454 724 1535 colendum
748 1454 944 1548 inducaris,
976 1457 1137 1565 cogaris,
1170 1447 1305 1558 asrttg.

195 1597 249 1652 m.
273 1571 378 1670 7232
397 1565 444 1645 ad
464 1565 665 1646 colendum
682 1563 916 1664 inducamur,
944 1591 954 1644 t
976 1570 1024 1674 pl.
1046 1595 1098 1648 m.
1116 1567 1186 1645 sut.
1210 1561 1304 1670 6l'p.
1445 1627 1447 1634 ,

195 1688 226 1758 Α
245 1682 332 1776 '5327-
351 1706 421 1776 «ψ
450 1678 645 1754 laboravit.
679 1671 730 1754 To
749 1675 862 1768 work,
891 1699 925 1756 tu
944 1675 1078 1756 labour.

141 1791 260 1899 3'458.
295 1793 400 1870 Vutt.
424 1787 462 1863 8.
494 1787 606 1888 792³]
631 1787 682 1882 Et
700 1786 923 1890 expiabitur,
949 1815 969 1893 3
993 1785 1086 1896 surg.
1111 1811 1163 1865 m.
1185 1795 1302 1892 praet.

196 1925 219 1982 2
238 1897 287 2011 sp.
345 1899 382 1976 A
401 1895 480 1998 iii?
499 1897 676 2010 expiavit·
733 1891 826 1982 vid.
847 1924 954 1983 uum.
977 1897 1119 2011 2697(
1144 1903 1177 2000 ).

1187 2025 1318 2114 34592

178 2235 216 2318 (t)
238 2235 272 2300 ln
288 2235 371 2300 Van.
388 2248 437 2298 ta.
452 2229 592 2298 notabilis
607 2247 691 2298 extat
708 2233 770 2313 lex,
793 2252 868 2317 quae
883 2228 1057 2316 praescribit
1073 2227 1173 2296 caedis
1187 2225 1309 2293 incerto

140 2321 260 2387 antron
272 2335 452 2408 perpetrata
461 2317 585 2384 solenne
596 2319 758 2405 piaculum,
777 2336 806 2384 ut
820 2317 898 2384 urbis
913 2319 1004 2390 illius,
1016 2337 1092 2402 quae
1102 2317 1230 2380 cadauer
1243 2330 1311 2394 pro·
1351 2387 1352 2390 Ἴ
1398 2361 1401 2366 .

8 2475 9 2478 ,
142 2407 226 2472 xime
240 2405 447 2494 contingebat,
470 2401 598 2482 senatus,
618 2425 739 2472 vaccam
757 2405 903 2490 injugem,
921 2425 951 2470 et
967 2405 1068 2490 operia
1085 2399 1184 2468 rustici
1201 2415 1312 2480 exper-
1369 2411 1407 2424 ··

142 2509 221 2568 tem,
239 2495 384 2556 deducant
399 2497 423 2528 “
439 2496 528 2582 tn’tt
541 2469 612 2564 ιἱΓΙ]
626 2470 679 2565 ‘itt
694 2491 724 2556 in
740 2490 850 2556 vallem
868 2491 1047 2576 perennibus
1059 2487 1141 2574 aquis
1155 2482 1314 2570 irriguam,

144 2583 169 2616 “
191 2579 278 2664 ‘llll‘
295 2598 405 2642 V²⁶⁶³0
421 2571 531 2637 mihim
550 2573 687 2654 imelda
712 2555 844 2650 1¹)ssss
862 2577 892 2642 in
909 2575 999 2651 ualle,
1017 2597 1052 2640 ac
1070 2593 1174 2639 manus
1190 2569 1250 2635 luas
1268 2565 1316 2632 su·

143 2667 169 2701 “
191 2685 244 2750 per
259 2661 399 2749 piaculari
415 2659 470 2723 illu
485 2655 568 2722 lactu
582 2599 807 2736 lavantium
822 2662 851 2726 iu
869 2663 948 2729 valle
964 2660 1171 2748 itlttniguar'
1196 2663 1318 2740 Anceps

143 2769 220 2819 veto
237 2769 307 2814 cura
322 2746 474 2814 destricios
488 2741 585 2807 tenuit
600 2743 794 2834 interpretes,
816 2747 881 2828 alijt
895 2748 1062 2828 invallem,
1085 2744 1150 2812 allis
1164 2744 1193 2808 in
1205 2757 1320 2807 tar—rm.

143 2850 215 2910 tem,
239 2831 414 2900 seutentiam
439 2827 664 2896 inclinantibus.
708 2830 765 2896 Sed
781 2829 927 2908 voxbr'li
953 2835 1064 2900 vallem
1091 2827 1318 2980 curnpledlitur,

144 2939 175 2984 et
192 2935 357 2984 torrentem
373 2917 404 2983 in
417 2915 498 2979 valle
512 2915 725 2984 decurrentem
742 2940 750 2980 ε
773 2917 915 2992 Perenni·
930 2923 1012 2988 enim
1030 2916 1117 2984 vallis
1133 2927 1161 2982 el
1180 2962 1190 2995 ,
1212 2909 1316 2980 divitis

120 3005 219 3096 ⁴puber
234 3003 311 3094 agri,
333 3023 362 3070 et
377 3001 471 3068 solum
487 2998 549 3066 fine
564 3000 694 3087 imperio
707 3003 901 3086 foecundum,
916 3027 951 3071 ac
966 3007 1112 3073 bonarum
1130 3021 1230 3066 rerum
1248 3017 1318 3084 pru·

144 3108 238 3158 ventu
254 3091 421 3160 abundans:
437 3085 467 3153 A
469 3086 597 3176 smitfitl
609 3089 889 3156 maweu-warner
898 3091 1002 3176 ualley.
1029 3089 1100 3154 Vid.
1118 3086 1139 3154 fi
1166 3081 1320 3150 nificatio·

9 3261 10 3264 Ἴ
145 3197 219 3242 nem
236 3177 318 3243 rucis
332 3177 419 3268 iniit
436 3195 519 3238 nutu.
538 3193 634 3252 207¹·
666 3177 722 3240 Sed
740 3175 828 3238 nimis
844 3175 912 3242 lete
928 3175 970 3246 eli
988 3177 1046 3240 bot
1059 3107 1250 3260 praesidium,
1273 3184 1317 3232 et-

146 3262 228 3327 enirn
247 3281 325 3332 terra
340 3279 489 3346 nunquam
508 3258 666 3342 imperium
684 3257 772 3344 palla,
796 3277 827 3323 et
854 3257 992 3337 semente
1017 3259 1166 3338 exercita,
1187 3257 1320 3322 circum·

148 3345 279 3416 scribere
294 3349 388 3413 etiam
406 3342 503 3429 potest
520 3361 629 3408 terrant
646 3342 779 3411 fertilem
796 3363 827 3410 et
843 3347 945 3434 opima
982 3399 990 3426 ,
1013 3347 1117 3414 nativo
1130 3345 1259 3434 quodam
1281 3354 1321 3404 ae

146 3434 274 3521 pereuni
292 3431 383 3496 ubere
400 3427 577 3514 praeditam.
618 3415 733 3496 Pbralis
748 3429 842 3528 igitur
862 3439 952 3528 Μ
996 3437 1043 3506 Π)
1066 3455 1126 3500 nec
1142 3431 1254 3497 vallem
1272 3421 1321 3490 as·

147 3539 264 3606 petam,
286 3538 344 3584 nec
358 3511 481 3582 fiuvium
498 3513 642 3600 validum,
665 3512 716 3584 sed
732 3517 877 3606 irriguam
899 3518 1083 3604 perennibus
1098 3519 1178 3606 aquis
1193 3513 1322 3594 uallem,

146 3620 247 3683 nutat,
258 3624 332 3688 quae
346 3619 494 3684 nunquam
507 3597 624 3666 aellivis
637 3597 746 3668 solibus
761 3600 886 3685 arescat,
902 3624 1055 3690 nunquam
1070 3604 1255 3694 agricultura
1264 3621 1321 3666 ex·

148 3708 296 3768 erceatur,
320 3705 469 3771 nunquam
485 3681 670 3770 conseratur,
695 3707 727 3756 ut
743 3688 774 3754 iu
792 3691 857 3755 aliis
873 3689 1012 3768 vallibus,
1027 3712 1154 3775 quarum
1170 3705 1321 3757 torrentes

92 3855 95 3867 y
148 3775 245 3844 aestus
260 3773 413 3854 exhaurit,
436 3769 489 3836 usu
505 3770 608 3838 venire
625 3771 713 3842 solet.
746 3773 795 3841 Sic
809 3775 909 3841 Rabbi
925 3775 1038 3842 Beelrai
1054 3779 1146 3845 refert
1163 3779 1200 3842 de
1216 3773 1324 3838 reteri·

148 3861 202 3927 bus
216 3861 376 3941 Hebraeis,
388 3857 443 3922 -est
457 3859 507 3944 qui
523 3857 688 3927 reddiderit
705 3881 759 3946 per
773 3863 872 3928 lo'curu
890 3863 1108 3950 praepinguem
1125 3881 1155 3930 et
1173 3864 1324 3948 opimum.

148 3947 272 4014 Haecce
294 3944 512 4033 interpretatio
533 3943 629 4011 arrisit
654 3945 746 4013 etiam
772 3945 811 4012 R.
835 3947 952 4046 Jacobu
976 3939 1175 4030 Abendtnae,
1195 3947 1326 4014 innotis

150 4033 281 4119 margini
298 4033 367 4098 libri
386 4029 513 4098 Michlal
529 4029 624 4116 Jophi
640 4033 776 4112 attextis,
800 4053 844 4100 utt
869 4055 935 4100 eam
958 4035 1000 4098 ob
1021 4035 1137 4102 causam
1165 4033 1278 4123 pingue
1292 4051 1326 4098 et

150 4117 288 4204 opimum
307 4114 403 4209 iulum
420 4117 488 4184 huic
505 4117 649 4204 piaculari
666 4115 811 4185 sacrificiu
828 4137 962 4208 captum,
985 4139 1017 4186 et
1043 4123 1121 4208 quast
1146 4125 1325 4188 damnatum

150 4203 206 4270 ett'e
222 4201 336 4300 (latuit,
361 4212 384 4244 “
405 4203 446 4268 Ut
468 4225 506 4268 eo
532 4201 709 4292 diligentius
725 4223 868 4272 caverent
885 4204 1023 4294 cujusque
1040 4209 1117 4273 urbis
1134 4210 1265 4283 incolae,
1290 4227 1328 4272 ne

149 4292 174 4327 “
198 4283 256 4354 lurs
275 4289 305 4354 in
323 4286 428 4356 tinibus
443 4293 551 4358 caedes
575 4307 721 4376 patretur,
753 4293 900 4378 perdituri
924 4291 981 4358 bic
999 4295 1046 4358 viri
1062 4295 1207 4362 eximiam
1225 4289 1329 4378 polles·

151 4379 176 4418 “
198 4371 314 4440 stonum
331 4369 446 4440 suarum
463 4394 578 4462 partera
593 4392 625 4445 et
640 4373 839 4448 lelicillimam
853 4399 956 4447 earum
973 4381 1129 4468 glebaru.’'
1168 4383 1237 4448 llid.
1254 4383 1327 4444 clar.

157 4459 271 4529 Stltult.
290 4460 400 4550 origin.
418 4459 513 4529 Hebt.
537 4461 635 4527 volt
662 4482 693 4550 p.
710 4481 783 4543 244.
1072 4467 1079 4482 '
