2916 4828
154 229 237 338 564
313 227 579 312 cuntis
637 226 1195 321 PENTnTssttcit't.

205 447 280 532 pro
300 427 352 522 D,
382 429 432 536 pl.
464 442 557 535 part.
586 425 675 534 pass.
736 429 859 526 Attjp
887 434 994 530 texit,
1024 431 1185 515 obtexit.
1246 437 1332 521 Alii

209 538 374 622 referunt
393 537 441 616 ad
461 537 527 637 ldis
554 533 805 618 abscondidit.

19 671 20 684 ι
154 641 277 750 3662.
311 651 418 748 pinu
449 649 490 728 Iti
511 652 644 758 regim.
666 671 731 754 pto
750 651 905 756 D‘itolp
939 649 1173 749 abscondita,
1204 659 1254 764 pi.
1275 683 1333 737 ni.

211 762 342 855 atini?
367 757 617 856 absconditus,
644 761 867 856 reconditus,
893 760 922 842 f.
959 765 1088 864 Uilli?
1117 783 1211 873 part.
1236 767 1330 876 pals.

213 889 232 952 t
257 867 306 977 sp.
367 869 496 968 Atilii
522 881 628 984 &⁴¹⁶
647 884 683 949 et
697 882 762 984 ,ab
790 871 1013 953 recondidit.
1045 873 1098 974 To
1116 877 1194 958 hide
1226 877 1324 986 (d)

154 977 278 1085 3663.
307 979 420 1063 Vitii.
453 1005 519 1064 20.
548 982 678 1090 Nili?
707 982 875 1064 Dilatate
902 987 1055 1078 faciens,
1087 1007 1178 1093 part.
1209 991 1336 1092 2⁹¹3·ss

212 1086 369 1171 dilatate
387 1089 513 1190 saciet,
545 1119 567 1194 3
589 1090 679 1198 sing.
711 1117 764 1171 tn.
794 1091 864 1174 fut.
895 1119 920 1196 5
941 1095 991 1204 sp.
1048 1097 1085 1174 Α
1105 1102 1192 1194 :tm
1212 1137 1330 1214 μή

46 1289 50 1296 A
211 1199 490 1282 dilatatussuit.
536 1202 589 1284 ‘To
615 1201 655 1282 be
681 1201 791 1284 wide.
850 1205 940 1286 Vid.
963 1231 1070 1288 num.
1095 1209 1214 1314 1466.

155 1308 280 1416 3664.
304 1316 409 1392 Veii.
431 1337 498 1396 21.
521 1315 604 1410 llil?
625 1311 777 1406 Tetios,
799 1315 979 1410 obtectus,
1003 1332 1096 1423 part.
1122 1316 1212 1425 pals.
1238 1345 1259 1396 i·
1274 1317 1328 1427 sp.

214 1425 251 1500 A
270 1423 337 1519 lli?
356 1425 462 1512 texit.
494 1421 653 1505 obtexit.
693 1420 745 1502 To
762 1451 877 1506 cover.
919 1428 1020 1507 Hinc
1040 1431 1222 1509 tribulavit
1254 1429 1270 1534 l
1292 1437 1325 1527 ).

158 1531 281 1638 3665.
310 1533 401 1628 &¹332
432 1537 498 1614 i’ro
516 1535 620 1626 npetg
647 1549 684 1613 et
703 1537 816 1633 venit,
841 1563 863 1641 3
884 1536 976 1646 ling.
1001 1564 1052 1620 nr.
1068 1539 1146 1622 sut.
1180 1543 1332 1639 Atlptt

146 1727 147 1730 3
215 1654 319 1756 Uri
348 1643 462 1725 teuit.
522 1641 574 1721 To
608 1671 712 1725 come.
989 1685 996 1690 ·

155 1761 283 1889 gete.
308 1780 429 1860 vii.
452 1799 515 1858 22.
546 1775 813 1882 partemin,
849 1775 983 1886 mig.
1019 1801 1071 1855 m.
1100 1775 1172 1859 rui.
1215 1753 1252 1859 'n
1273 1779 1333 1880 rit
1423 1865 1427 1875 ,

172 1899 177 1908 ’
216 1887 420 1991 secundum
441 1889 691 1981 Bochattum,
712 1887 822 1967 literis
843 1887 935 1967 Nun
956 1905 992 1967 ct
1012 1885 1069 1968 Ze
1086 1886 1327 1996 transpositis,

213 2003 393 2094 convenit
412 2025 499 2078 cuin
520 2000 634 2079 Arab.
653 2001 771 2114 dp,
804 1997 921 2078 exsilit
941 1997 1082 2106 impeln
1101 2003 1189 2188 assiu
1209 2033 1218 2079 ι
1249 2002 1324 2084 Sed

212 2115 339 2221 potius
372 2108 517 2195 videtur
548 2115 762 2200 convenire,
792 2107 993 2189 secundum
1023 2112 1110 2194 clari
1144 2168 1154 2188 .
1184 2113 1322 2194 Soliul-

214 2221 390 2316 tenlium‚
412 2245 497 2302 cum
523 2223 784 2331 nrab.t.·o,·‚
806 2222 945 2299 firmius
965 2217 1177 2301 substrinxit
1196 2259 1207 2314 t
1230 2222 1330 2322 inde,

215 2334 259 2414 iii
281 2362 301 2442 3
325 2333 374 2440 sp
405 2333 463 2429 Pii
483 2331 594 2411 semet
613 2333 839 2435 substrinxit,
861 2333 918 2410 vel
939 2330 1121 2411 succinxit
1135 2329 1182 2410 ad
1199 2331 1331 2416 saltum

216 2463 254 2526 ct
273 2449 452 2552 impetum
468 2443 803 2524 vehementiorem.
836 2439 888 2526 To
899 2446 1025 2549 spring
1036 2463 1093 2520 out
1112 2471 1151 2520 or
1164 2439 1336 2554 leopstrd-

169 2621 179 2642 „J
218 2553 316 2663 denly
334 2557 430 2646 with
447 2559 574 2662 olgerii
593 2551 862 2661 andfiercerresr,
882 2579 921 2632 as
939 2578 962 2628 o
981 2551 1049 2630 lion
1066 2569 1154 2656 upon
1169 2555 1224 2633 bis
1232 2573 1333 2664 prey.

162 2668 289 2778 Ι3667.
319 2669 432 2746 Vicit.
457 2692 524 2768 23.
555 2661 667 2762 Uli]
693 2663 882 2744 Meridies.
912 2661 1109 2764 Thesautb.
1139 2665 1199 2747 Ita
1218 2664 1332 2762 dieta,

220 2773 327 2890 quod
361 2773 407 2874 fit
436 2780 548 2882 plaga
575 2780 748 2860 oninium
777 2773 1005 2872 mollissima,
1035 2773 1255 2886 videturque
1283 2779 1333 2857 ad

1235 2889 1335 2970 lianc

205 3088 261 3174 (d)
283 3085 421 3170 Qiidam
438 3083 616 3181 interpreter
631 3081 759 3182 reddunt
773 3056 846 3152 'titt
862 3082 969 3155 'illm
987 3071 1079 3176 'iel’
1093 3081 1263 3230 upfcondiroe
1273 3079 1334 3146 the.

99 3243 101 3246 ,
152 3174 261 3260 sauros
275 3193 389 3237 arenae.
434 3167 622 3234 Dortiffiniis
636 3167 774 3266 Clericus¹
785 3183 881 3253 putat,
905 3166 1040 3230 occultos
1056 3167 1108 3232 tlie
1123 3189 1209 3234 turos
1223 3187 1331 3234 arenae

19 3279 21 3298 '
162 3259 312 3328 Zabuloiii
327 3253 491 3345 prorniss‘us,
505 3253 597 3338 ipsam
614 3255 723 3320 littoris
736 3251 778 3320 sut
791 3274 911 3320 arenam
926 3254 1083 3330 denotare,
1097 3273 1139 3319 eit
1150 3275 1208 3340 qua
1221 3253 1335 3321 vitium

19 3777 21 3788 Ι
167 3795 339 3886 contigisse,
359 3813 426 3860 cum
445 3805 604 3874 antequam
620 3803 729 3850 terram
746 3779 914 3868 promissam
929 3781 1000 3866 pedi

163 3347 329 3412 conflatum
354 3341 420 3407 fuit.
447 3340 615 3416 Nimirum,
643 3338 674 3404 iii
701 3341 805 3407 sinibus
829 3338 1090 3418 Zabulonitarum,
1117 3339 1238 3406 suerunt
1262 3341 1335 3408 ostii

162 3431 249 3504 fluvii
267 3431 344 3509 Beli,
367 3427 419 3514 qui
435 3447 540 3490 arenas
557 3425 693 3492 vitrariae
707 3426 738 3492 iii
757 3447 840 3492 mare
854 3422 989 3503 eiluoo'it,
1014 3442 1102 3509 atquc
1119 3447 1158 3491 ex
1178 3425 1283 3510 quibus
1298 3427 1338 3492 so-

161 3521 203 3592 lis
217 3520 266 3584 diu
282 3517 394 3582 vitrum
411 3511 579 3576 correnum
596 3511 653 3593 est,
666 3529 695 3576 ut
712 3529 793 3596 patet
809 3532 849 3576 ex
865 3511 1023 3591 Strabone,
1037 3511 1149 3593 Plinio,
1162 3512 1286 3588 Tacito,
1300 3527 1331 3580 et

163 3600 315 3695 Joseplio,
338 3599 413 3688 apud
428 3609 498 3666 eum
513 3596 621 3662 citatis.
665 3597 732 3662 Vid·
745 3596 896 3662 Clericuni
919 3596 949 3662 in
967 3596 1081 3662 locuin.

208 3715 250 3799 (c)
275 3707 377 3778 Moses
396 3703 487 3772 Gadis
502 3700 672 3786 portionem
689 3695 896 3784 descripturus,
923 3693 977 3775 ait,
1003 3691 1151 3844 primitias
1170 3697 1217 3762 illi
1241 3695 1333 3763 tribui

1025 3803 1056 3844 tis
1068 3779 1241 3860 calcassent,
1257 3778 1338 3854 suain

19 3883 22 3918 l
165 3887 389 3954 haereditatem
407 3871 555 3948 consecuti
575 3869 640 3936 suni
657 3869 798 3936 Gaditae.
840 3869 874 3934 lo
892 3867 1078 3932 haereditate
1094 3865 1203 3945 Gadis,
1228 3867 1337 3936 dicitur

19 4025 22 4040 .
167 3973 227 4042 elle
255 3969 354 4058 portio
378 3969 500 4061 ppm
520 3958 688 4042 dul'nt'tortr,
707 3956 756 4041 qui
771 3974 864 4022 terias
878 3947 1147 4035 Tranljoidanicaa
1162 3955 1269 4020 exedi:
1284 3951 1337 4020 dis-

19 4041 22 4122 l
168 4059 288 4124 tribuit.
327 4039 456 4121 Additur
472 4066 574 4132 porro,
598 4057 626 4107 et
641 4043 679 4107 ili
692 4040 746 4127 effe
759 4043 917 4126 portionem
931 4039 1016 4122 llBD
1034 4041 1158 4130 pprttn
1173 4037 1337 4140 legislatoris

19 4143 22 4220 l
168 4141 327 4214 occitltati,·
350 4157 424 4236 quae
441 4128 561 4219 phrasis,
576 4129 679 4214 judice
696 4131 840 4204 Veiieuia,
863 4122 1002 4210 aenigma
1019 4125 1124 4192 mortis
1140 4125 1245 4208 Molis,
1262 4127 1336 4214 ejur-

19 4259 21 4292 ι
170 4249 228 4314 que
244 4225 387 4292 niiraliilis
405 4217 580 4304 sepulturae,
605 4213 743 4280 continet
761 4233 769 4278 r
788 4214 882 4278 Mons
896 4212 979 4274 enini
996 4209 1088 4278 Nelio
1103 4233 1164 4279 noo
1180 4215 1285 4299 procul
1302 4210 1337 4280 ab
1380 4275 1382 4278 .

19 4297 61 4354 ”-
171 4317 230 4380 hac
243 4313 362 4376 illorum
378 4307 516 4392 portione
532 4299 641 4365 aberat.
685 4297 781 4364 Mosit
805 4295 1067 4385 propriua.tltulus
1088 4299 1133 4365 est
1153 4300 1340 4388 legissatoris,

19 4403 21 4422 '
171 4401 266 4486 legem
285 4394 427 4477 praecepit
442 4389 516 4452 trebir
533 4385 637 4468 Moses,
660 4405 722 4449 ver.
738 4405 768 4464 4.
813 4383 895 4456 lilius
918 4381 1017 4448 obitus
1041 4387 1124 4455 redii
1146 4382 1208 4452 dici
1224 4388 1336 4457 videtur

170 4482 331 4559 occultatio,
355 4494 447 4560 quuni
463 4471 547 4537 Deus
561 4466 623 4557 ipse
639 4471 731 4540 vitam
747 4471 811 4556 ejtit
827 4469 1044 4542 immutaverit.
1330 4491 1333 4500 ·
