2908 4832
178 209 240 318 ’ῃ
397 262 400 268 -
452 207 515 290 De
546 208 781 316 Antiquitate
811 233 847 296 et
879 211 1063 312 Utilitate'
1132 215 1149 238 ”

59 411 70 448 '
179 409 268 500 ritis
289 413 667 526 pronunciandam
691 411 785 513 elle,
820 415 946 526 plane
976 415 1200 500 necellaria
1219 431 1329 533 erat,
1453 514 1454 517 Ν

182 562 229 634 et
255 562 527 647 nequaquam
550 536 732 632 inutilis,
753 541 831 650 ¹uti
862 545 988 620 docet
1021 543 1087 624 Cl.
1113 539 1330 648 Capellus·

7 647 17 658 ’
131 716 139 724 -
245 661 392 742 Priscis
415 661 698 766 temporibus,
729 663 806 744 hae
829 663 974 746 literae
995 683 1156 752 nomn
1181 661 1335 746 notula

184 782 341 894 aliqui,
374 783 504 888 Raphe
532 784 694 877 vocati,
728 785 1104 892 inligniebantur:
1144 787 1224 866 Sed
1255 811 1335 892 po·

183 911 268 1000 stea
290 903 549 1015 compendio
571 907 778 1014 qu'aefito.
809 910 916 988 illud
941 907 1104 1013 Rapite,
1141 907 1259 1014 quod
1283 908 1335 988 li·

183 1029 267 1120 neb
283 1027 396 1112 reflA
418 1029 543 1136 supra
563 1029 728 1110 literam
755 1035 999 1123 notabatur,
1025 1056 1101 1135 per
1119 1029 1335 1137 publium

91 1228 95 1240 .
184 1154 232 1248 in
263 1152 431 1261 gremio
460 1152 605 1232 literae
631 1151 986 1258 distinguebatur.
1053 1152 1146 1260 Jam
1171 1153 1334 1234 Arabes
1363 1161 1366 1171 '

186 1277 272 1372 tale
305 1274 515 1356 indicium
553 1301 728 1382 quoque
765 1274 969 1381 ριιιιξὶιιίο
1006 1277 1228 1368 exhibent,
1269 1270 1351 1354 uti*

188 1394 340 1488 clariis.
366 1398 692 1502 Hottingerns
683 1425 726 1476 m
762 1397 959 1506 Smegmate
992 1396 1171 1475 Orientali
1157 1414 1259 1502 r,.p
1288 1396 1332 1478 6.

188 1521 371 1616 indicat,
406 1515 531 1626 plani
552 1542 601 1597 ut
621 1517 750 1600 literae
773 1543 937 1613 mm
961 1519 1204 1631 (Hebraeorum
1222 1519 1305 1600 scil.
1310 1518 1332 1632 )

189 1629 394 1754 Raphata
417 1643 469 1720 ab
491 1641 653 1734 nsdem
679 1646 708 1720 ι’.
729 1667 761 1720 e.
788 1644 1017 1736 Arabibns.
1053 1641 1267 1750 punelos
1252 1673 1280 1720 ι.
1299 1670 1332 1721 e.

12 1727 18 1735 ⁶
83 1764 121 1834 s
188 1765 385 1876 Dagescb
416 1764 537 1857 Leni,
576 1787 815 1846 notentur:
858 1765 986 1872 Apud
1025 1769 1185 1844 Arabes
1218 1765 1337 1845 enim

39 1933 42 1940 ⁴
189 1888 470 1997 figiarasest
502 1883 596 1982 Dal,
635 1910 788 1974 svero
821 1889 878 1967 est
910 1884 1046 1998 Dsal,·
1085 1910 1144 1968 c.»
1176 1887 1234 1968 est
1265 1883 1335 1984 Te,

191 2040 383 2102 ·vero
415 2013 471 2091 est
502 2009 610 2118 Thse.

175 2169 179 2179 ¹
255 2133 447 2242 Dagesch
464 2133 594 2212 Forte
615 2133 794 2212 omnino
812 2129 989 2214 extitiffe
1007 2134 1121 2240 apud
1140 2130 1337 2214 Hebraeos

170 2256 343 2362 ‘lingua
375 2253 561 2334 Arabica
592 2255 828 2333 monstrat:
866 2259 1026 2336 Arabes
1058 2257 1173 2334 enim
1208 2255 1338 2338 talem

192 2379 376 2487 figuram
410 2375 713 2483 duplicationis
745 2377 933 2456 indicem
966 2401 1206 2485 apponunt,
1243 2397 1338 2460 tum

79 2504 84 2508 “
193 2528 369 2611 quoque
386 2502 430 2582 in
448 2501 534 2579 MS.
560 2500 736 2606 quando
754 2499 915 2607 reliqua
934 2498 1093 2606 punila
1111 2503 1334 2585 omittunt,

75 2687 78 2696 .
193 2624 359 2710 Haecce
391 2621 508 2703 enim
541 2623 704 2716 notula,
738 2646 847 2730 quae
879 2624 994 2729 apud
1027 2625 1187 2736 Arabes
1214 2633 1340 2724 ”M

193 2740 350 2856 Teshdid
378 2765 569 2839 vocatur,
605 2751 634 2824 i.
660 2772 691 2824 e.
731 2746 967 2853 geminatio
999 2745 1144 2825 literae
1176 2746 1220 2826 in
1255 2745 1340 2856 qui.

193 2868 409 2968 inlinitur,
436 2863 560 2976 plani
580 2867 695 2947 inter
717 2868 898 2976 primam
922 2888 963 2946 et
984 2869 1220 2948 secundam
1237 2895 1341 2950 con·

189 2991 466 3103 jugationem
489 2991 572 3070 live
593 2989 773 3096 speciem
797 2989 917 3070 verbi
939 2990 1177 3098 distinguit.

189 3153 193 3162 ·
262 3112 459 3222 Mappik,
483 3115 693 3213 punilum
709 3113 752 3194 in
775 3113 940 3220 gremio
963 3112 1090 3194 litere
1112 3131 1140 3196 Π
1162 3113 1340 3223 inscrip-

196 3260 308 3339 tum,
341 3235 398 3315 est
420 3235 629 3315 indicium
652 3234 799 3317 literae
822 3257 849 3319 rt
873 3234 1040 3346 mobilis
1062 3257 1105 3314 et
1127 3231 1341 3336 radicalis,
1451 3246 1454 3261 '⁴

195 3362 311 3447 utin
333 3343 434 3468 {llll}
456 3356 595 3436 Numen
615 3357 862 3451 venerandum,
888 3355 1000 3469 Deus.
1049 3359 1193 3439 Hocce
1220 3361 1341 3465 Map-

195 3485 288 3595 pilr,
313 3484 424 3564 hanc
444 3481 609 3560 literam
625 3497 653 3565 Π
670 3483 725 3562 He
742 3478 971 3562 radicalem
989 3476 1068 3559 elle
1088 3483 1341 3592 ubicunque

197 3605 320 3700 adfrt,
354 3601 538 3682 ostendit
564 3634 576 3694 ι
614 3603 801 3684 absentia
822 3629 921 3683 vero
944 3601 1068 3711 hujus
1092 3601 1255 3712 puneii,
1289 3602 1341 3683 il·

169 3737 172 3746 ‘
195 3730 281 3812 lam
304 3723 383 3808 effe
406 3722 693 3832 quiescentem
716 3725 799 3806 five
821 3723 1036 3819 servilem·
1053 3715 1358 3808 monstrat.--·

195 3847 342 3934 Unum
376 3847 623 3954 exemplum
661 3847 942 3949 necellttntem
974 3852 1063 3961 ejus
1099 3853 1155 3928 ob
1191 3847 1342 3935 oculos

52 4071 56 4078 ,
185 3982 344 4086 ¹ponet,
379 3965 511 4050 Thren.
537 3969 596 4048 iii.
624 3997 693 4072 33.
728 3973 860 4052 exstat
893 3979 955 4079 ἢ]
923 3971 1157 4084 moestitia
1176 3972 1344 4081 afficiet·

192 4099 266 4186 sed
299 4091 386 4204 Job
411 4091 530 4172 xviii.
556 4117 597 4196 5.
634 4093 793 4201 legitur
823 4101 883 4172 tn’
879 4063 1139 4212 splendebit:
1173 4095 1213 4174 Si
1236 4093 1349 4177 haee

195 4246 281 4300 vox
303 4214 454 4338 l'cripta
476 4214 557 4295 erit
590 4211 676 4294 line
699 4237 792 4297 tum
815 4215 1003 4324 Dagesch
1026 4240 1119 4300 tum
1143 4217 1339 4326 Mappilt‚

193 4319 278 4443 til,
309 4340 383 4424 vix
404 4331 478 4424 aut
504 4335 659 4442 sensus,
692 4361 767 4421 aut
787 4339 964 4452 radix,
960 4338 1028 4426 vel
1049 4339 1179 4448 etiarn
1201 4336 1351 4444 forma·

1206 4461 1341 4580 streis,¹
