2942 4836
138 195 217 300 378
308 192 576 278 ccuvrs
632 188 1217 286 Paurnruucttr.·

190 391 248 470 Ita
267 387 396 471 diuus·
453 392 538 483 trec,
568 391 657 500 quia
674 393 798 474 firmat
824 371 950 472 seriem
979 391 1201 500 digitorum,
1220 401 1298 503 ¹uui
1438 364 1449 491 ἔ

192 501 268 584 fiuc
285 528 333 580 eo
351 417 518 581 offigunt
540 501 643 582 suum
664 503 846 609 praestare
863 529 939 582 non
954 505 1112 611 poffunt.
1145 511 1178 581 A
1196 507 1299 603 1133,

191 611 291 692 idem
312 611 415 719 quod
437 613 539 705 0¹3?
561 653 644 730 pp,
676 613 817 708 clausit,
849 619 983 694 munit.
1033 653 1037 660 v
1162 712 1167 720 Ι

137 725 260 832 2689.
278 723 388 802 Van.
413 750 475 803 21.
499 723 602 824 W]
623 727 672 804 Et
690 730 817 803 exilire
832 725 960 818 facies,
983 725 1115 830 afing.
1140 755 1192 806 m.
1224 731 1300 826 Πξῦ

194 861 215 938 3
233 833 324 938 stng.
341 861 396 911 ru.
415 853 527 940 praet
549 843 592 920 m
613 861 678 938 pro
696 839 821 942 ss'iil3
841 833 932 940 fing.
953 863 1006 914 m.
1022 836 1094 916 fut.
1119 841 1193 932 Πέῦ
1211 841 1301 947 imp.

192 943 267 1033 iiii?
287 961 378 1048 part.
413 943 430 1051 (
444 945 500 1044 ¹²¹3!
519 969 585 1046 pro
603 947 677 1048 ιᾞξξ
707 971 728 1046 3
750 946 841 1054 surg.
869 973 920 1024 m.
948 947 1028 1024 sut.¹
1056 974 1069 1026 1
1094 947 1170 1052 sp.)
1203 953 1300 1057 5ip·

191 1051 308 1150 Mi?
330 1065 436 1176 Usa·
453 1056 584 1154 exiliit,
612 1061 764 1136 emicuit
784 1083 871 1136 cum
894 1060 1050 1162 impetu,
1079 1056 1235 1166 aspcrfit,
1262 1090 1302 1140 c·

192 1165 286 1244 tiam
306 1167 477 1268 inipetsus
497 1163 581 1245 suit.
638 1164 693 1250 ‘Tu
708 1167 877 1273 sprirrkle.

138 1274 263 1384 2690.
279 1275 394 1356 Van.
418 1297 480 1355 22.
506 1253 635 1378 ¹72⁸?ssss
659 1286 717 1385 ψ
746 1278 890 1377 Οευάρι,
913 1280 1060 1384 pinguis
1087 1295 1123 1357 et
1149 1277 1303 1388 adiposa

192 1387 272 1464 ovis
292 1389 348 1464 vel
367 1387 499 1470 arietis,
527 1391 646 1496 qualis
660 1392 699 1466 in
716 1391 850 1466 ovibus
870 1393 1020 1470 orientis
1038 1389 1196 1495 spectare
1214 1389 1298 1485 cst;

191 1520 351 1602 quarum
372 1497 550 1577 minimae
579 1527 605 1577 x
635 1499 691 1576 vel
717 1503 767 1578 xii
790 1501 900 1578 libras
920 1500 1097 1581 nostrates
1118 1499 1295 1606 pendent.

193 1605 270 1691 The
287 1621 390 1710 rump
407 1635 450 1687 or
467 1609 539 1689 rail
561 1611 638 1720 osa
651 1609 767 1718 sheep,
799 1614 919 1690 which
948 1619 979 1691 is
1001 1615 1046 1724 s⁰
1072 1612 1169 1720 large
1192 1639 1233 1690 as
1261 1635 1300 1694 to

194 1719 423 1833 weigbsrum
446 1750 494 1807 ro
514 1747 550 1807 tu
565 1755 620 1834 40
633 1729 756 1834 pound
771 1729 905 1834 weighr
916 1765 934 1821 ,·
943 1727 1012 1836 for
1025 1719 1145 1808 witru
1163 1731 1297 1836 reason,
1316 1805 1328 1814 ,

93 1897 96 1903 -
194 1843 272 1951 they
287 1859 358 1950 put
375 1866 399 1917 a
415 1837 528 1924 board
541 1843 649 1922 under
667 1843 760 1922 rhem
778 1845 876 1922 with
893 1863 969 1923 two
984 1843 1100 1954 small
1115 1843 1247 1925 wheeis
1264 1866 1301 1925 ru

170 1953 469 2140 preservatum.
499 1931 1083 2085 ianuamianuaim.
1194 2044 1199 2056 ,

141 2087 167 2148 2
199 2091 263 2174 91.
283 2064 359 2160 biv
375 2069 523 2160 Armus,
540 2066 634 2146 c'rus.
655 2077 694 2146 A
703 2067 876 2174 shoulder,
897 2067 995 2175 aleg.
1016 2059 1133 2159 0312&
1149 2069 1305 2164 Utrum·

190 2203 265 2286 que
282 2203 376 2258 cruc.
436 2173 564 2270 Api&
586 2181 778 2284 appetivit.
836 2178 926 2256 Vid.
951 2207 1057 2258 uum.
1079 2177 1173 2285 367.

137 2283 259 2394 2692.
279 2290 391 2371 Van.
418 2313 483 2388 23.
508 2291 588 2379 ¹¹2.)
609 2313 677 2393 pro
694 2287 802 2388 ‘¹232
832 2289 1019 2381 Placenta,
1045 2315 1154 2397 prop.
1184 2287 1304 2371 maisi

194 2400 302 2508 plane
320 2399 492 2479 rotunda.
526 2404 570 2479 A·
592 2397 702 2475 round
723 2397 813 2477 cate.
847 2406 881 2475 A
901 2403 971 2470 Ἣ)
984 2410 1068 2515 sisu
1087 2403 1239 2508 coiiegit
1260 2406 1310 2482 iu·

190 2509 345 2602 maffam
367 2507 583 2606 rotundam,
602 2511 794 2588 convolvit
811 2507 848 2588 iu
867 2507 1021 2590 maffam
1037 2511 1297 2592 orbicularem.

270 2623 273 2628 ’
333 2621 340 2632 ’
591 2615 598 2628 ’
630 2621 634 2630 ’
1176 2624 1299 2727 2693.

174 2796 222 2880 (u)
244 2791 294 2860 Est
318 2788 400 2864 euim
421 2789 616 2862 orientalium
640 2797 743 2882 opium
767 2797 860 2885 cauda
882 2799 970 2886 plane
995 2795 1166 2884 singularia,
1190 2797 1306 2885 quippe

135 2901 199 2950 tam
214 2881 345 2975 adiposa,
370 2898 400 2947 ut
417 2880 546 2946 minima
563 2881 693 2972 pendeat
712 2886 802 2951 librae
818 2887 849 2950 X
864 2887 914 2952 vel
928 2883 989 2948 XII
1004 2911 1013 2960 ς
1036 2883 1169 2955 maxima
1185 2881 1305 2968 superet

136 2965 275 3043 Llibras,
291 2967 310 3032 S
332 2987 435 3034 rorum
449 2966 554 3032 ovibus
567 2967 704 3035 cubitalis
719 2975 824 3050 cauda,
840 2971 916 3038 teste
926 2965 1047 3034 Ariston.
1063 2969 1117 3034 lib.
1127 2968 1190 3034 viii.
1208 2992 1238 3036 c.
1250 2971 1301 3034 28.

135 3067 167 3116 et
184 3051 260 3120 Pliu.
287 2991 340 3119 lib.
351 3045 422 3119 ¹viii.
437 3075 465 3118 c.
479 3053 538 3143 48.
555 3051 647 3121 Unde
664 3055 796 3123 tabulam
814 3053 910 3124 solent
927 3054 1091 3140 supponere
1107 3041 1303 3122 cum'duabus

135 3153 256 3234 rotulis,
273 3152 303 3222 iu
318 3173 408 3240 quam
424 3153 517 3220 cauda
532 3152 606 3217 haec
621 3141 670 3212 ut
693 3176 839 3222 cerame
853 3156 1019 3224 recumbat.
1056 3153 1201 3220 Taimud·
1215 3151 1319 3219 traci.-

134 3237 233 3312 ΜΨ
249 3263 277 3304 c.
296 3261 325 3324 5·
346 3240 399 3304 fol.
413 3257 462 3320 54
478 3237 505 3302 b.
530 3247 662 3313 vocatu
690 3243 735 3312 iii
746 3290 757 3322 ,
781 3241 828 3307 ubi
867 3238 936 3308 luffa
954 3243 1030 3306 hacc
1044 3237 1134 3306 babet
1151 3263 1176 3336 :u
1191 3243 1213 3278 “
1235 3239 1304 3302 Plo·

135 3332 160 3366 ‘⁶
182 3324 299 3392 stellum
315 3321 388 3388 iliud
400 3325 441 3388 est
458 3345 548 3408 parva
563 3327 668 3400 rheda,
684 3347 772 3412 quatu
789 3266 900 3396 cauffae
916 3329 1082 3413 supponunt
1100 3353 1109 3399 ς
1129 3345 1198 3410 quta
1213 3341 1305 3410 caput

135 3415 160 3451 “
183 3410 436 3496 caudacarietum
453 3409 575 3476 istorum
591 3411 756 3491 citiarum,
778 3413 870 3482 iustat
891 3413 1031 3502 agniculi.
1074 3409 1183 3494 Neque
1210 3409 1304 3475 habet

135 3500 162 3536 ‘⁸
183 3495 254 3574 ossa,
270 3497 318 3562 sed
334 3495 548 3582 pinguedinem
565 3515 595 3560 ct
609 3495 785 3567 deufitatem
805 3523 839 3564 ac
854 3499 1049 3588 grauitatem,
1074 3514 1105 3562 ut
1117 3518 1206 3580 quum
1220 3493 1306 3561 humi

136 3585 162 3620 “
183 3584 287 3660 verrit,
299 3581 448 3647 laceratur
463 3599 494 3646 et
508 3583 720 3666 corrumpitur.
740 3585 859 3652 idcirco
874 3587 1046 3674 plostellum
1059 3583 1127 3668 rpus
1139 3597 1305 3680 apponunt,

136 3673 163 3708 “
183 3671 263 3754 quod
289 3669 353 3754 post
377 3687 428 3730 eos
447 3667 593 3746 volvitur,
616 3671 687 3734 dum
716 3671 882 3744 ambulant.
905 3691 936 3737 et
957 3673 1053 3737 cauda
1075 3668 1105 3731 ei
1132 3667 1305 3754 alligatur?

136 3752 196 3828 Eat
219 3771 319 3830 autem
343 3751 514 3818 minutatim
536 3753 814 3839 cunciiaaliquaut,
838 3776 868 3822 et
890 3759 1010 3842 adipem
1033 3759 1063 3820 iu
1086 3751 1149 3819 usus
1173 3753 1305 3830 servant,
1440 3747 1451 3762 '

136 3839 186 3906 vel
201 3841 237 3904 ad
254 3838 453 3911 condiendum
469 3837 710 3906 frumentaceum
724 3842 839 3924 cibum,
859 3844 1029 3922 ueletiam,
1045 3857 1076 3906 ut
1094 3839 1124 3904 in
1143 3837 1252 3920 Persia,
1268 3839 1306 3904 ad

136 3925 339 3994 conficiendas
363 3925 528 4004 candeiat;
550 3927 678 3990 eandem
693 3947 767 3991 vero
781 3932 905 3995 caudam
922 3925 1183 4004 evisceramus,
1205 3925 1308 4009 quales
1344 3980 1351 3990 .

137 4027 315 4114 Europaeae
331 4023 455 4103 habeut,
476 4023 633 4090 communi
657 4027 782 4092 nominc
806 4029 919 4094 Arabes
944 4030 1067 4104 mii,
1090 4041 1121 4088 ut
1137 4023 1228 4090 etiam
1245 4026 1306 4093 He·

137 4121 220 4186 brari
241 4125 321 4194 nt:
342 4119 424 4184 Hiuc
444 4118 546 4186 videre
568 4119 660 4184 liceat
681 4121 824 4204 quidnam
849 4101 1042 4208 pecuttaiirer
1065 4123 1201 4211 defignet
1220 4121 1324 4188 hicce¹

139 4205 246 4280 locum
269 4223 300 4270 et
313 4205 413 4271 Levit.
429 4203 473 4272 iii.
490 4225 520 4289 9.
540 4203 604 4268 viii.
620 4223 670 4287 25.
695 4207 745 4272 De
762 4211 812 4271 tali
827 4212 919 4275 cauda
932 4210 1166 4296 intelligendam
1182 4207 1309 4274 santrio·

137 4311 213 4360 uem
222 4289 400 4369 Mosaicrru,
415 4291 556 4376 probavit
574 4289 716 4355 Bochatt.
728 4293 851 4360 Hieruz.
870 4312 936 4380 para
947 4299 976 4361 1.·
989 4319 1020 4383 p.
1032 4319 1104 4382 494.
1129 4294 1201 4360 Vid.
1215 4294 1308 4360 etiam

139 4373 235 4456 Nold.
250 4377 446 4444 concordant·
457 4378 562 4444 adnot.
577 4373 839 4468 etViud.p·919.
856 4398 1007 4451 ctvocetu
1022 4393 1078 4493 ῳ
1092 4381 1124 4448 iu
1138 4381 1208 4450 Gol.
1217 4381 1307 4446 lexic.
